=LDR  01479cam a22003617a 4500
=001  859253558
=003  OCoLC
=006  m\\\\\o\\d\\\\\\\\
=008  131005s2012\\\\ii\a\\\\\c\\\\000\0\eng\d
=035  \\$a.b18189635$bmulti$c-
=040  \\$aNNMM$cNNMM
=100  1\$aBaswani, Manisha Gera.
=245  10$aHope is the thing with feathers /$cManisha Gera Baswani.
=246  3\$aManisha Gera Baswani, Hope is the thing with feathers.
=260  \\$aNew Delhi :$bGallery Espace,$c2012.
=300  \\$a1 v. (unpaged) :$bcol. ill. (2 folded) ;$c27 cm.
=500  \\$aCatalog of an exhibition held Oct. 12-Nov. 10, 2012 at Gallery Espace, New Delhi.
=600  10$aBaswani, Manisha Gera$vExhibitions.
=655  \7$aPDF.$2aat$0http://vocab.getty.edu/aat/300266022.
=655  \0$aElectronic books.
=710  2\$aGallery Espace (New Delhi, India)$0http://id.loc.gov/authorities/names/n89291925.
=799  \\$aCCT PDF.
=799  \\$aOnline Content Update 2020.
=856  40$uhttp://libmma.s3-website-us-east-1.amazonaws.com/859253558.pdf$zFull text PDF
=902  \\$a210608
=960  \\$b3$c131007$dm$ea  $f-$g0
=994  \\$alib$awww$aoff
=998  \\$aDuncan Systems
=904  \\$aWatson Library copy: Gift of Gallery Espace
=905  \\$aProcessed by LTI 2013-11-04
=905  \\$aBSLW Base File 2021-06
=945  \\$lwww$nItem added for www location
=945  \\$loff$i30620010083045$nGift$nDuncan Systems Specialists$non Clancy offsite list 2013-12-13 lindaj$n2016-01 offsite inventory

