=LDR  01601cam a2200409Ii 4500
=001  879283733
=003  OCoLC
=005  20140506124038.0
=006  m\\\\\o\\d\\\\\\\\
=007  cr\|||||||||||
=008  140506s2012\\\\ii\a\\\\oc\\\\000\0\eng\d
=035  \\$a.b18359401$bwww  $c-
=040  \\$aMZA$cMZA$dMZA
=245  00$aConservation on canvas :$bthe art collection.
=264  \1$a[New Delhi :$bReligare Art Gallery,$c2012]
=300  \\$a1 online resource (45 PDF pages) :$billustrations.
=336  \\$atext$2rdacontent.
=337  \\$acomputer$2rdamedia.
=338  \\$aonline resource$2rdacarrier.
=347  \\$atext file$bPDF$2rda.
=500  \\$aCatalog of an exhibition held at Religare Art Gallery, New Delhi April 20-May 11, 2012.
=500  \\$a"A WWF-India and Religare Art initiative"
=500  \\$aTitle from PDF page 1.
=650  \0$aNature conservation in art$vExhibitions.
=650  \0$aPainting, Indic$y21st century$vExhibitions.$0http://id.loc.gov/authorities/subjects/sh2010104845.
=655  \7$aPDF.$2aat$0http://vocab.getty.edu/aat/300266022.
=655  \0$aElectronic books.
=710  2\$aWorld Wide Fund for Nature--India.$0http://id.loc.gov/authorities/names/n89146291.
=710  2\$aReligare Arts Initiative (New Delhi, India)$0http://id.loc.gov/authorities/names/n2009210816.
=799  \\$aCCT PDF.
=856  40$uhttp://libmma.s3-website-us-east-1.amazonaws.com/879283733.pdf$zFull text PDF
=902  \\$a210608
=960  \\$b0$c140506$dm$ea  $f-$g0
=994  \\$awww
=998  \\$apuccia
=905  \\$aProcessed by LTI 2014-06-03
=905  \\$aBSLW Base File 2021-06

