=LDR  01528cam a2200409Ii 4500
=001  890014572
=003  OCoLC
=005  20140905100454.0
=006  m\\\\\o\\d\\\\\\\\
=007  cr\|||||||||||
=008  140905s2012\\\\ii\a\\\\oc\\\\000\0\eng\d
=035  \\$a.b18474548$bwww  $c-
=040  \\$aMZA$beng$erda$cMZA$dMZA
=100  1\$aBhattacharyya, Sanjay,$d1958-$eartist.$0http://id.loc.gov/authorities/names/n2013073027.
=240  10$aPaintings.$kSelections.
=245  10$aEmerging Krishna /$cby Sanjay Bhattacharyya ; curator Uma Nair.
=264  \1$aNew Delhi :$bReligare Art,$c[2012]
=300  \\$a1 online resource (27 pages) :$bcolor illustrations.
=336  \\$atext$2rdacontent.
=337  \\$acomputer$2rdamedia.
=338  \\$aonline resource$2rdacarrier.
=347  \\$atext file$bPDF$2rda.
=500  \\$aTitle from title page.
=600  10$aBhattacharyya, Sanjay,$d1958-$vExhibitions.
=600  00$aKrishna$c(Hindu deity)$vArt$vExhibitions.
=655  \7$aPDF.$2aat$0http://vocab.getty.edu/aat/300266022.
=655  \0$aElectronic books.
=700  1\$aNair, Uma.
=710  2\$aReligare Arts Initiative (New Delhi, India)$0http://id.loc.gov/authorities/names/n2009210816.
=799  \\$aCCT PDF.
=856  40$uhttp://libmma.s3-website-us-east-1.amazonaws.com/890014572.pdf$zFull text PDF
=902  \\$a210608
=960  \\$b0$c140905$dm$ea  $f-$g0
=994  \\$awww
=904  \\$aWatson Library copy: Gift of Religare Arts Initiative
=905  \\$aProcessed by LTI 2014-10-02
=905  \\$aBSLW Base File 2021-06

