=LDR  01606nam a2200421Ii 4500
=001  890145685
=003  OCoLC
=005  20140908034202.0
=006  m\\\\\o\\d\\\\\\\\
=007  cr\|||||||||||
=008  140908s2012\\\\ii\a\\\\oc\\\\000\0deng\d
=035  \\$a.b18475747$bwww  $c-
=040  \\$aMZA$beng$erda$cMZA
=245  00$aSkin deep /$ccurated by Lyla Rao & Mohini Varma.
=264  \1$aNew Delhi :$bReligare Art,$c[2012]
=300  \\$a1 online resource (44 pages) :$billustrations.
=336  \\$atext$2rdacontent.
=337  \\$acomputer$2rdamedia.
=338  \\$aonline resource$2rdacarrier.
=347  \\$atext file$bPDF$2rda.
=520  \\$aCatalog of the works by various artists at the Gallery.
=500  \\$aTitle from title page.
=650  \0$aArt, Indic$vExhibitions.$0http://id.loc.gov/authorities/subjects/sh2007101441.
=650  \0$aMixed media (Art)$zIndia$vExhibitions.
=655  \7$aPDF.$2aat$0http://vocab.getty.edu/aat/300266022.
=655  \0$aElectronic books.
=700  1\$aRao, Lyla.
=700  1\$aVarma, Mohini$c(Art critic)$0http://id.loc.gov/authorities/names/n2013215942.
=710  2\$aReligare Arts Initiative (New Delhi, India),$eissuing body.$0http://id.loc.gov/authorities/names/n2009210816.
=799  \\$aCCT PDF.
=856  40$uhttp://libmma.s3-website-us-east-1.amazonaws.com/890145685.pdf$zFull text PDF
=902  \\$a210608
=960  \\$b0$c140908$dm$ea  $f-$g0
=994  \\$awww
=998  \\$afultzt
=904  \\$aWatson Library PDF copy: Gift of Religare Arts Initiative Limited
=905  \\$aProcessed by LTI 2014-10-02
=905  \\$aBSLW Base File 2021-06

