=LDR  02170cam a2200445Ii 4500
=001  1154015264
=003  OCoLC
=005  20200512113940.0
=006  m\\\\\o\\d\\\\\\\\
=007  cr\|||||||||||
=008  200512s2019\\\\ii\a\\\\oc\\\\000\0\eng\d
=035  \\$a.b20102951$bwww  $c-
=040  \\$aMZA$beng$erda$cMZA$dMZA
=100  1\$aMalani, Nalini,$d1946-$eartist.$0http://id.loc.gov/authorities/names/nr2006013419.
=245  10$aNalini Malani :$bcan you hear me?
=246  30$aCan you hear me?
=250  \\$aSecond edition.
=264  \1$aMumbai, India :$bGoethe-Institut,$c2019.
=300  \\$a1 online resource (31 PDF pages) :$billustrations.
=336  \\$atext$btxt$2rdacontent.
=337  \\$acomputer$bc$2rdamedia.
=338  \\$aonline resource$bcr$2rdacarrier.
=347  \\$atext file$bPDF$2rda.
=500  \\$aThis brochure published on the occasion of the exhibition held at Goethe-Institut, Mumbai, India, from 21 October 2019 - 2 January 2020.
=520  \\$aOn occasion of its 50th annual celebration the Goethe-Institut/ Max Mueller Bhavan Mumbai presents Can You Hear Me? a solo exhibition from the internationally celebrated Indian artist Nalini Malani. This will be Malani's first exhibition in India after becoming the first Indian artist to win the celebrated Joan Miro Prize. The solo expands on Malani's history with the Institut - in 1993, Malani worked on a collaboration on German dramatist Heiner Mueller's Medeamaterial (with Alaknanda Samarth), and later on Bertolt Brecht's The Job in 1995.
=500  \\$aTitle from PDF page 1.
=600  10$aMalani, Nalini,$d1946-$vExhibitions.
=655  \7$aPDF.$2aat$0http://vocab.getty.edu/aat/300266022.
=655  \0$aElectronic books.
=710  2\$aGoethe-Institut (Mumbai, India),$ehost institution.
=799  \\$aFrieze Library 2020.
=799  \\$aCCT PDF.
=856  40$uhttp://libmma.s3-website-us-east-1.amazonaws.com/1154015264.pdf$zFull text PDF
=902  \\$a210611
=960  \\$b0$c200512$dm$ea  $f-$g0
=994  \\$awww
=998  \\$abluehw original
=904  \\$aWatson Library copy: Gift of Frieze
=905  \\$aProcessed by BSLW 2020-06-01
=905  \\$aBSLW Base File 2021-06

