=LDR  01620cam a2200421Ii 4500
=001  1241200962
=003  OCoLC
=005  20210311020848.0
=006  m\\\\\o\\d\\\\\\\\
=007  cr\|||||||||||
=008  210311s2018\\\\ii\a\\\\oc\\\\000\0\eng\d
=035  \\$a.b2020226x$bwww  $c-
=040  \\$aMZA$beng$erda$cMZA$dMZA
=100  1\$aKulavoor, Sameer,$eartist.$0http://id.loc.gov/authorities/names/no2017106230.
=245  12$aA man of the crowd :$bSameer Kulavoor /$ctext by Kaiwan Mehta.
=246  30$aSameer Kulavoor.
=264  \1$aMumbai :$bTarq,$c[2018]
=300  \\$a1 online resource (22 PDF pages) :$billustrations.
=336  \\$atext$btxt$2rdacontent.
=337  \\$acomputer$bc$2rdamedia.
=338  \\$aonline resource$bcr$2rdacarrier.
=347  \\$atext file$bPDF$2rda.
=500  \\$aTitle from PDF page 3.
=500  \\$aCatalog of an exhibition held at Tarq, Mumbai, from 15 March - 26 April, 2018.
=600  10$aKulavoor, Sameer$vExhibitions.
=655  \7$aPDF.$2aat$0http://vocab.getty.edu/aat/300266022.
=655  \0$aElectronic books.
=700  1\$aMehta, Kaiwan,$ewriter of added commentary.$0http://id.loc.gov/authorities/names/n2009216263.
=710  2\$aTARQ (Gallery : Mumbai, India),$ehost institution.$0http://id.loc.gov/authorities/names/n2020240523.
=799  \\$aCCT PDF.
=856  40$uhttps://libmma.s3.amazonaws.com/1241200962.pdf$zFull text PDF
=902  \\$a210608
=960  \\$b0$c210311$dm$ea  $f-$g2
=994  \\$awww
=998  \\$abluehw original
=904  \\$aWatson Library copy: Gift of Tarq
=905  \\$aProcessed by BSLW 2021-04-05
=905  \\$aBSLW Base File 2021-06

