=LDR  01485cam a2200409Ii 4500
=001  1241201870
=003  OCoLC
=005  20210311025709.0
=006  m\\\\\o\\d\\\\\\\\
=007  cr\|||||||||||
=008  210311s2019\\\\ii\a\\\\oc\\\\000\0\eng\d
=035  \\$a.b20202313$bwww  $c-
=040  \\$aMZA$beng$erda$cMZA$dMZA
=100  1\$aJoshi, Aaditi,$d1980-$eartist.$0http://id.loc.gov/authorities/names/no2021029519.
=245  10$aNew works :$bAaditi Joshi.
=246  30$aAaditi Joshi.
=264  \1$aMumbai :$bTarq,$c[2019]
=300  \\$a1 online resource (25 PDF pages) :$billustrations.
=336  \\$atext$btxt$2rdacontent.
=337  \\$acomputer$bc$2rdamedia.
=338  \\$aonline resource$bcr$2rdacarrier.
=347  \\$atext file$bPDF$2rda.
=500  \\$aTitle from PDF page 2.
=500  \\$aCatalog of an exhibition held at Tarq, Mumbia, from 22 August - 28 September, 2019.
=600  10$aJoshi, Aaditi,$d1980-$vExhibitions.
=655  \7$aPDF.$2aat$0http://vocab.getty.edu/aat/300266022.
=655  \0$aElectronic books.
=710  2\$aTARQ (Gallery : Mumbai, India),$ehost institution.$0http://id.loc.gov/authorities/names/n2020240523.
=799  \\$aCCT PDF.
=856  40$uhttps://libmma.s3.amazonaws.com/1241201870.pdf$zFull text PDF
=902  \\$a210608
=960  \\$b0$c210311$dm$ea  $f-$g0
=994  \\$awww
=998  \\$abluehw original
=904  \\$aWatson Library copy: Gift of Tarq
=905  \\$aProcessed by BSLW 2021-04-05
=905  \\$aBSLW Base File 2021-06

