=LDR  01659cam a2200421Ii 4500
=001  1242934245
=003  OCoLC
=005  20210323094621.0
=006  m\\\\\o\\d\\\\\\\\
=007  cr\|||||||||||
=008  210323s2018\\\\ii\a\\\\oc\\\\000\0\eng\d
=035  \\$a.b2021036x$bwww  $c-
=040  \\$aMZA$beng$erda$cMZA$dMZA
=100  1\$aMaharjan, Youdhisthir,$d1984-$eartist.$0http://id.loc.gov/authorities/names/n2020240583.
=245  13$aAn unquiet mind :$bYoudhisthir Maharjan /$ctext by Amit Kumar Jain.
=246  30$aYoudhisthir Maharjan.
=264  \1$aMumbai :$bTARQ,$c[2018]
=300  \\$a1 online resource (25 PDF pages) :$billustrations.
=336  \\$atext$btxt$2rdacontent.
=337  \\$acomputer$bc$2rdamedia.
=338  \\$aonline resource$bcr$2rdacarrier.
=347  \\$atext file$bPDF$2rda.
=500  \\$aTitle from PDF page 2.
=500  \\$aCatalog of an exhibition held at TARQ, Mumbai, from 31 January - 08 March, 2018.
=600  10$aMaharjan, Youdhisthir,$d1984-$vExhibitions.
=655  \7$aPDF.$2aat$0http://vocab.getty.edu/aat/300266022.
=655  \0$aElectronic books.
=700  1\$aJain, Amit Kumar,$ewriter of added commentary.$0http://id.loc.gov/authorities/names/n2016247827.
=710  2\$aTARQ (Gallery : Mumbai, India),$ehost institution.$0http://id.loc.gov/authorities/names/n2020240523.
=799  \\$aCCT PDF.
=856  40$uhttps://libmma.s3.amazonaws.com/1242934245.pdf$zFull text PDF
=902  \\$a210608
=960  \\$b0$c210323$dm$ea  $f-$g3
=994  \\$awww
=998  \\$abluehw original
=904  \\$aWatson Library copy: Gift of TARQ
=905  \\$aProcessed by BSLW 2021-04-05
=905  \\$aBSLW Base File 2021-06

