=LDR  01641cam a2200421Ii 4500
=001  1242992973
=003  OCoLC
=005  20210323033912.0
=006  m\\\\\o\\d\\\\\\\\
=007  cr\|||||||||||
=008  210323s2019\\\\ii\a\\\\oc\\\\000\0\eng\d
=035  \\$a.b20210681$bwww  $c-
=040  \\$aMZA$beng$erda$cMZA$dMZA
=100  1\$aChasmawala, Saubiya,$eartist.$0http://id.loc.gov/authorities/names/n2020240981.
=245  10$aBatin :$bSaubiya Chasmawala /$ctext by Skye Arundhati Thomas.
=246  30$aSaubiya Chasmawala.
=264  \1$aMumbai :$bTARQ,$c[2019]
=300  \\$a1 online resource (19 PDF pages) :$billustrations.
=336  \\$atext$btxt$2rdacontent.
=337  \\$acomputer$bc$2rdamedia.
=338  \\$aonline resource$bcr$2rdacarrier.
=347  \\$atext file$bPDF$2rda.
=500  \\$aTitle from PDF page 2.
=500  \\$aCatalog of an exhibition held at TARQ, Mumbai, from 18 October - 23 November, 2019.
=600  10$aChasmawala, Saubiya$vExhibitions.
=655  \7$aPDF.$2aat$0http://vocab.getty.edu/aat/300266022.
=655  \0$aElectronic books.
=700  1\$aThomas, Skye Arundhati,$ewriter of added commentary.$0http://id.loc.gov/authorities/names/n2020240592.
=710  2\$aTARQ (Gallery : Mumbai, India),$ehost institution.$0http://id.loc.gov/authorities/names/n2020240523.
=799  \\$aCCT PDF.
=856  40$uhttps://libmma.s3.amazonaws.com/1242992973.pdf$zFull text PDF
=902  \\$a210608
=960  \\$b0$c210323$dm$ea  $f-$g0
=994  \\$awww
=998  \\$abluehw original
=904  \\$aWatson Library copy: Gift of TARQ
=905  \\$aProcessed by BSLW 2021-04-05
=905  \\$aBSLW Base File 2021-06

