=LDR  01609cam a2200409Ii 4500
=001  1243000203
=003  OCoLC
=005  20210323041219.0
=006  m\\\\\o\\d\\\\\\\\
=007  cr\|||||||||||
=008  210323s2013\\\\ii\a\\\\oc\\\\000\0\eng\d
=035  \\$a.b20210735$bwww  $c-
=040  \\$aMZA$beng$erda$cMZA$dMZA
=100  1\$aMerchant, Rithika,$d1986-$eartist.$0http://id.loc.gov/authorities/names/n2020240591.
=245  10$aMythography /$cby Rithika Merchant.
=264  \1$a[Mumbai?] :$bGallery Art & Soul :$bClark House Initiative,$c[2013]
=300  \\$a1 online resource (49 PDF pages) :$billustrations.
=336  \\$atext$btxt$2rdacontent.
=337  \\$acomputer$bc$2rdamedia.
=338  \\$aonline resource$bcr$2rdacarrier.
=347  \\$atext file$bPDF$2rda.
=500  \\$aTitle from PDF page 1.
=500  \\$aCatalog of an exhibition held at Gallery Art & Soul, Mumbai, 2013.
=600  10$aMerchant, Rithika,$d1986-$vExhibitions.
=655  \7$aPDF.$2aat$0http://vocab.getty.edu/aat/300266022.
=655  \0$aElectronic books.
=710  2\$aGallery Art and Soul,$ehost institution.$0http://id.loc.gov/authorities/names/n2010207393.
=710  2\$aClark House Initiative (Bombay, India),$eissuing body.$0http://id.loc.gov/authorities/names/nb2016011901.
=799  \\$aCCT PDF.
=856  40$uhttps://libmma.s3.amazonaws.com/1243000203.pdf$zFull text PDF
=902  \\$a210608
=960  \\$b0$c210323$dm$ea  $f-$g0
=994  \\$awww
=998  \\$abluehw original
=904  \\$aWatson Library copy: Gift of TARQ
=905  \\$aProcessed by BSLW 2021-04-05
=905  \\$aBSLW Base File 2021-06

