=LDR  01627cam a2200421Ii 4500
=001  1243000283
=003  OCoLC
=005  20210323042921.0
=006  m\\\\\o\\d\\\\\\\\
=007  cr\|||||||||||
=008  210323s2016\\\\ii\a\\\\oc\\\\000\0\eng\d
=035  \\$a.b20210759$bwww  $c-
=040  \\$aMZA$beng$erda$cMZA$dMZA
=100  1\$aKhurasani, Soghra,$d1983-$eartist.$0http://id.loc.gov/authorities/names/n2020240795.
=245  10$aCratered fiction :$bSoghra Khurasani /$ccurated by Sumesh Sharma.
=246  30$aSoghra Khurasani.
=264  \1$aMumbai :$bTARQ,$c[2016]
=300  \\$a1 online resource (25 PDF pages) :$billustrations.
=336  \\$atext$btxt$2rdacontent.
=337  \\$acomputer$bc$2rdamedia.
=338  \\$aonline resource$bcr$2rdacarrier.
=347  \\$atext file$bPDF$2rda.
=500  \\$aTitle from PDF page 2.
=500  \\$aCatalog of an exhibition held at TARQ, Mumbai, from 10 December - 16 January, 2016.
=600  10$aKhurasani, Soghra,$d1983-$vExhibitions.
=655  \7$aPDF.$2aat$0http://vocab.getty.edu/aat/300266022.
=655  \0$aElectronic books.
=700  1\$aSharma, Sumesh,$ecurator.$0http://id.loc.gov/authorities/names/n2020240522.
=710  2\$aTARQ (Gallery : Mumbai, India),$ehost institution.$0http://id.loc.gov/authorities/names/n2020240523.
=799  \\$aCCT PDF.
=856  40$uhttps://libmma.s3.amazonaws.com/1243000283.pdf$zFull text PDF
=902  \\$a210608
=960  \\$b0$c210323$dm$ea  $f-$g0
=994  \\$awww
=998  \\$abluehw original
=904  \\$aWatson Library copy: Gift of TARQ
=905  \\$aProcessed by BSLW 2021-04-05
=905  \\$aBSLW Base File 2021-06

