=LDR  01604cam a2200421Ii 4500
=001  1243000378
=003  OCoLC
=005  20210323044137.0
=006  m\\\\\o\\d\\\\\\\\
=007  cr\|||||||||||
=008  210323s2016\\\\ii\a\\\\oc\\\\000\0\eng\d
=035  \\$a.b20210760$bwww  $c-
=040  \\$aMZA$beng$erda$cMZA$dMZA
=100  1\$aShroff, Vishwa,$eartist.$0http://id.loc.gov/authorities/names/n2020240603.
=245  10$aDrawn space :$bVishwa Shroff /$ccurated by Charlie Levine.
=246  30$aVishwa Shroff.
=264  \1$aMumbai :$bTARQ,$c[2016]
=300  \\$a1 online resource (19 PDF pages) :$billustrations.
=336  \\$atext$btxt$2rdacontent.
=337  \\$acomputer$bc$2rdamedia.
=338  \\$aonline resource$bcr$2rdacarrier.
=347  \\$atext file$bPDF$2rda.
=500  \\$aTitle from PDF page 1.
=500  \\$aCatalog of an exhibition held at TARQ, Mumbai, from 08 December, 2016 - 14 January, 2017.
=600  10$aShroff, Vishwa$vExhibitions.
=655  \7$aPDF.$2aat$0http://vocab.getty.edu/aat/300266022.
=655  \0$aElectronic books.
=700  1\$aLevine, Charlie,$ecurator.$0http://id.loc.gov/authorities/names/no2021034936.
=710  2\$aTARQ (Gallery : Mumbai, India),$ehost institution.$0http://id.loc.gov/authorities/names/n2020240523.
=799  \\$aCCT PDF.
=856  40$uhttps://libmma.s3.amazonaws.com/1243000378.pdf$zFull text PDF
=902  \\$a210608
=960  \\$b0$c210323$dm$ea  $f-$g0
=994  \\$awww
=998  \\$abluehw original
=904  \\$aWatson Library copy: Gift of TARQ
=905  \\$aProcessed by BSLW 2021-04-05
=905  \\$aBSLW Base File 2021-06

