=LDR  01688cam a2200409Ii 4500
=001  1245241969
=003  OCoLC
=005  20210406031037.0
=006  m\\\\\o\\d\\\\\\\\
=007  cr\|||||||||||
=008  210406s2016\\\\ii\a\\\\\c\\\\000\0\eng\d
=025  \\$aI-E-2019347280; 97-13
=035  \\$a.b20214728$bwww  $c-
=040  \\$aMZA$beng$erda$cMZA$dMZA
=245  00$aFeedback Loop /$ccurated by Kanchi Mehta ; [artists], Starlyn D'Souza, Madhavi Gore, P.S. Jalaja, Nirmal Kulkarni, Violeta Lisboa, Romain Loustau, Lavanya Mani, Atish Saha.
=264  \1$aMumbai :$bTARQ,$c[2016]
=300  \\$a1 online resource (19 PDF pages) :$billustrations.
=336  \\$atext$btxt$2rdacontent.
=337  \\$acomputer$bc$2rdamedia.
=338  \\$aonline resource$bcr$2rdacarrier.
=347  \\$atext file$bPDF$2rda.
=500  \\$aTitle from PDF page 2.
=500  \\$a"Featuring works that include photography, painting, sculpture and performance" -- Cover.
=650  \0$aArt, Indic$y21st century$vExhibitions.$0http://id.loc.gov/authorities/subjects/sh2009115835.
=655  \7$aPDF.$2aat$0http://vocab.getty.edu/aat/300266022.
=655  \0$aElectronic books.
=700  1\$aMehta, Kanchi,$ecurator.$0http://id.loc.gov/authorities/names/n2020240994.
=710  2\$aTARQ (Gallery : Mumbai, India),$epublisher.$0http://id.loc.gov/authorities/names/n2020240523.
=799  \\$aCCT PDF.
=856  40$uhttps://libmma.s3.amazonaws.com/1245241969.pdf$zFull text PDF
=902  \\$a210608
=960  \\$b0$c210406$dm$ea  $f-$g0
=994  \\$awww
=998  \\$abluehw original
=904  \\$aWatson Library copy: Gift of TARQ
=905  \\$aProcessed by BSLW 2021-05-03
=905  \\$aBSLW Base File 2021-06

