=LDR  02123cam a2200481Ii 4500
=001  1245246618
=003  OCoLC
=005  20210406034151.0
=006  m\\\\\o\\d\\\\\\\\
=007  cr\|||||||||||
=008  210406s2019\\\\ii\a\\\\oc\\\\000\0\eng\d
=035  \\$a.b2021473x$bwww  $c-
=040  \\$aMZA$beng$erda$cMZA$dMZA
=100  1\$aWadhwana, Shaleen,$d1991-$ecurator.$0http://id.loc.gov/authorities/names/no2021040696.
=245  10$aOsmosis :$bRithika Merchant, Samanta Batra Mehta, Savia Mahajan /$ccurated by Shaleen Wadhwana.
=246  30$aRithika Merchant, Samanta Batra Mehta, Savia Mahajan.
=264  \1$aMumbai :$bTARQ,$c[2019]
=300  \\$a1 online resource (21 PDF pages) :$billustrations.
=336  \\$atext$btxt$2rdacontent.
=337  \\$acomputer$bc$2rdamedia.
=338  \\$aonline resource$bcr$2rdacarrier.
=347  \\$atext file$bPDF$2rda.
=500  \\$aTitle from PDF page 2.
=500  \\$aCatalog of an exhibition held at TARQ, Mumbai, from 06 June - 10 August, 2019.
=600  10$aMerchant, Rithika,$d1986-$vExhibitions.
=600  10$aMehta, Samanta Batra,$d1975-$vExhibitions.
=600  10$aMahajan, Savia,$d1980-$vExhibitions.
=650  \0$aArt, Indic$y21st century$vExhibitions.$0http://id.loc.gov/authorities/subjects/sh2009115835.
=655  \7$aPDF.$2aat$0http://vocab.getty.edu/aat/300266022.
=655  \0$aElectronic books.
=700  1\$aMerchant, Rithika,$d1986-$eartist.$0http://id.loc.gov/authorities/names/n2020240591.
=700  1\$aMehta, Samanta Batra,$d1975-$eartist.$0http://id.loc.gov/authorities/names/no2021040708.
=700  1\$aMahajan, Savia,$d1980-$eartist.$0http://id.loc.gov/authorities/names/n2020240737.
=710  2\$aTARQ (Gallery : Mumbai, India),$ehost institution.$0http://id.loc.gov/authorities/names/n2020240523.
=799  \\$aCCT PDF.
=856  40$uhttps://libmma.s3.amazonaws.com/1245246618.pdf$zFull text PDF
=902  \\$a210608
=960  \\$b0$c210406$dm$ea  $f-$g0
=994  \\$awww
=998  \\$abluehw original
=904  \\$aWatson Library copy: Gift of TARQ
=905  \\$aProcessed by BSLW 2021-05-03
=905  \\$aBSLW Base File 2021-06

