=LDR  01622cam a2200421Ii 4500
=001  1245256899
=003  OCoLC
=005  20210406043602.0
=006  m\\\\\o\\d\\\\\\\\
=007  cr\|||||||||||
=008  210406s2018\\\\ii\a\\\\oc\\\\000\0\eng\d
=035  \\$a.b20214807$bwww  $c-
=040  \\$aMZA$beng$erda$cMZA$dMZA
=100  1\$aSen, Ronny,$d1986-$eartist.$0http://id.loc.gov/authorities/names/n2020240762.
=245  10$aFire continuum :$bRonny Sen /$ctext by Christopher Pinney.
=246  30$aRonny Sen.
=264  \1$aMumbai :$bTARQ,$c[2018]
=300  \\$a1 online resource (23 PDF pages) :$billustrations.
=336  \\$atext$btxt$2rdacontent.
=337  \\$acomputer$bc$2rdamedia.
=338  \\$aonline resource$bcr$2rdacarrier.
=347  \\$atext file$bPDF$2rda.
=500  \\$aTitle from PDF page 3.
=500  \\$aCatalog of an exhibition held at TARQ, Mumbai, from 23 August - 29 September, 2018.
=600  10$aSen, Ronny,$d1986-$vExhibitions.
=655  \7$aPDF.$2aat$0http://vocab.getty.edu/aat/300266022.
=655  \0$aElectronic books.
=700  1\$aPinney, Christopher,$ewriter of added commentary.$0http://id.loc.gov/authorities/names/no96065457.
=710  2\$aTARQ (Gallery : Mumbai, India),$ehost institution.$0http://id.loc.gov/authorities/names/n2020240523.
=799  \\$aCCT PDF.
=856  40$uhttps://libmma.s3.amazonaws.com/1245256899.pdf$zFull text PDF
=902  \\$a210608
=960  \\$b0$c210406$dm$ea  $f-$g0
=994  \\$awww
=998  \\$abluehw original
=904  \\$aWatson Library copy: Gift of TARQ
=905  \\$aProcessed by BSLW 2021-05-03
=905  \\$aBSLW Base File 2021-06

