=LDR  01813cam a2200433Ii 4500
=001  1246310556
=003  OCoLC
=005  20210416115257.0
=006  m\\\\\o\\d\\\\\\\\
=007  cr\|||||||||||
=008  210416s2020\\\\ii\a\\\\oc\\\\000\0\eng\d
=035  \\$a.b20216968$bwww  $c-
=040  \\$aMZA$beng$erda$cMZA$dMZA
=100  1\$aShroff, Vishwa,$eartist.$0http://id.loc.gov/authorities/names/n2020240603.
=245  10$aFolly measures :$bVishwa Shroff /$ctext by Veeranganakumari Solanki.
=246  30$aVishwa Shroff.
=264  \1$aMumbai :$bTARQ,$c[2020]
=300  \\$a1 online resource (43 pages) :$billustrations.
=336  \\$atext$btxt$2rdacontent.
=337  \\$acomputer$bc$2rdamedia.
=338  \\$aonline resource$bcr$2rdacarrier.
=347  \\$atext file$bPDF$2rda.
=500  \\$aCatalog of an exhibition held at TARQ, Mumbai, from 09 January - 28 February, 2020.
=588  \\$aDescription based on online resource; title from PDF title page (viewed on April 16, 2021)
=600  10$aShroff, Vishwa$vExhibitions.
=655  \0$aElectronic books.
=655  \7$aPDF.$2aat$0http://vocab.getty.edu/aat/300266022.
=700  1\$aJamwal, Veeranganakumari Solanki,$ewriter of added commentary.$0http://id.loc.gov/authorities/names/n2021240813.
=710  2\$aTARQ (Gallery : Mumbai, India),$ehost institution.$0http://id.loc.gov/authorities/names/n2020240523.
=776  08$iPrint version:$aShroff, Vishwa.$tFolly measures.$dMumbai : TARQ, 2020$w(OCoLC)1243906443.
=799  \\$aCCT PDF.
=856  40$uhttps://libmma.s3.amazonaws.com/1246310556.pdf$zFull text PDF
=902  \\$a210608
=960  \\$b0$c210416$dm$ea  $f-$g0
=994  \\$awww
=998  \\$abluehw original
=904  \\$aWatson Library copy: Gift of TARQ
=905  \\$aProcessed by BSLW 2021-05-03
=905  \\$aBSLW Base File 2021-06

