=LDR  02143cam a2200469Ii 4500
=001  1246310668
=003  OCoLC
=005  20210416120149.0
=006  m\\\\\o\\d\\\\\\\\
=007  cr\|||||||||||
=008  210416s2016\\\\ii\a\\\\\bc\\\000\0\eng\d
=035  \\$a.b2021697x$bwww  $c-
=040  \\$aMZA$beng$erda$cMZA$dMZA
=100  1\$aChasmawala, Saubiya,$eartist.$0http://id.loc.gov/authorities/names/n2020240981.
=245  10$aIn letter and spirit :$bSaubiya Chasmawala, Youdhisthir Maharjan, Muzzumil Ruheel /$ctext by Ranjit Haskate.
=246  30$aSaubiya Chasmawala, Youdhisthir Maharjan, Muzzumil Ruheel.
=264  \1$aMumbai :$bTARQ,$c[2016]
=300  \\$a1 online resource (40 pages) :$billustrations.
=336  \\$atext$btxt$2rdacontent.
=337  \\$acomputer$bc$2rdamedia.
=338  \\$aonline resource$bcr$2rdacarrier.
=347  \\$atext file$bPDF$2rda.
=500  \\$aCatalog of an exhibition at TARQ, Mumbai, from 09 June - 02 July, 2016.
=504  \\$aIncludes bibliographical references.
=588  \\$aDescription based on online resource; title from PDF title page (viewed on April 16, 2021)
=650  \0$aArt, Indic$y21st century$vExhibitions.$0http://id.loc.gov/authorities/subjects/sh2009115835.
=655  \0$aElectronic books.
=655  \7$aPDF.$2aat$0http://vocab.getty.edu/aat/300266022.
=700  1\$aMaharjan, Youdhisthir,$d1984-$eartist.$0http://id.loc.gov/authorities/names/n2020240583.
=700  1\$aRuheel, Muzzumil,$d1985-$eartist.$0http://id.loc.gov/authorities/names/n2020240982.
=700  1\$aHaskate, Ranjit,$ewriter of added text.
=710  2\$aTARQ (Gallery : Mumbai, India),$epublisher.$0http://id.loc.gov/authorities/names/n2020240523.
=776  08$iPrint version:$aChasmawala, Saubiya.$tIn letter and spirit.$dMumbia : TARQ, 2016$w(OCoLC)1131870481.
=799  \\$aCCT PDF.
=856  40$uhttps://libmma.s3.amazonaws.com/1246310668.pdf$zFull text PDF
=902  \\$a210608
=960  \\$b0$c210416$dm$ea  $f-$g0
=994  \\$awww
=998  \\$abluehw original
=904  \\$aWatson Library copy: Gift of TARQ
=905  \\$aProcessed by BSLW 2021-05-03
=905  \\$aBSLW Base File 2021-06

