=LDR  03687cam a2200445Ii 4500
=001  1246313451
=003  OCoLC
=005  20210416121256.0
=006  m\\\\\o\\d\\\\\\\\
=007  cr\|||||||||||
=008  210416s2017\\\\ii\a\\\\oc\\\\000\0\eng\d
=035  \\$a.b20216981$bwww  $c-
=040  \\$aMZA$beng$erda$cMZA$dMZA
=100  1\$aMahajan, Savia,$d1980-$eartist.$0http://id.loc.gov/authorities/names/n2020240737.
=245  10$aLiminal :$bSavia Mahajan /$ctext by K. Sridhar.
=246  30$aSavia Mahajan.
=264  \1$aMumbai :$bTARQ,$c[2017]
=300  \\$a1 online resource (32 pages) :$billustrations.
=336  \\$atext$btxt$2rdacontent.
=337  \\$acomputer$bc$2rdamedia.
=338  \\$aonline resource$bcr$2rdacarrier.
=347  \\$atext file$bPDF$2rda.
=500  \\$aCatalog of an exhibition held at TARQ, Mumbai, from 10 August - 09 September, 2017.
=500  \\$a"Liminal, Savia Mahajan's first solo exhibition at TARQ, explores through a variety of mediums - including sculpture, drawing and installation - notions of life, death and the in-between. While Mahajan's sculptures use conventional pottery materials, including ceramic, porcelain, paper and clay, she also experiments with chemicals such as cobalt, iron oxide and even gold in her detailed sculptures. With these materials, she creates a vast range of objects, from fossils to books, to a series of shape-shifting objects. Also included in the exhibition are Savia's intricate drawings on recycled paper, which mirror her preoccupations with detail, nuance and material. Conceptually, she embarks on a journey that explores the 'in-between' state that rests between the eternal polarities of life and death. She plays with the idea of the universality of the 'liminal' space that transcends religion and exists as a profound spiritual truth. As a ceramicist and obsessive collector, Savia has collected a number of urns that are used across cultures to store the remains of the dead. As part of the series, "beginning - end - beginning" she uses these to deeply question our very existence as particles on the earth, bringing together a complex thread of thought, best articulated by Professor K. Sridhar. In his essay on the show, he says, "Liminal wants us to return to a mode of art which chose to address primordial questions. It moves away from the questions that dominate public life; indeed, it asks what happens to those questions when they are confronted by death and dissolution. It returns to the age-old, probably never-to-be-answered, question of whether there exists anything other than the body which survives death... When the book burns with the clay in the furnace, what does it leave behind? This is the question that Liminal forces us to face head-on."" -- TARQ web site.
=588  \\$aDescription based on online resource; title from PDF title page (viewed on April 16, 2021)
=600  10$aMahajan, Savia,$d1980-$vExhibitions.
=655  \0$aElectronic books.
=655  \7$aPDF.$2aat$0http://vocab.getty.edu/aat/300266022.
=700  1\$aSridhar, K.,$ewriter of added commentary.$0http://id.loc.gov/authorities/names/n2012202868.
=710  2\$aTARQ (Gallery : Mumbai, India),$ehost institution.$0http://id.loc.gov/authorities/names/n2020240523.
=776  08$iPrint version:$aMahajan, Savia.$tLiminal.$dMumbai : TARQ, 2017$w(OCoLC)1131892903.
=799  \\$aCCT PDF.
=856  40$uhttps://libmma.s3.amazonaws.com/1246313451.pdf$zFull text PDF
=902  \\$a210608
=960  \\$b0$c210416$dm$ea  $f-$g0
=994  \\$awww
=998  \\$abluehw original
=904  \\$aWatson Library copy: Gift of TARQ
=905  \\$aProcessed by BSLW 2021-05-03
=905  \\$aBSLW Base File 2021-06

