=LDR  01558cam a2200409Ii 4500
=001  1246316730
=003  OCoLC
=005  20210416024825.0
=006  m\\\\\o\\d\\\\\\\\
=007  cr\|||||||||||
=008  210416s2015\\\\ii\a\\\\oc\\\\000\0\eng\d
=035  \\$a.b20216993$bwww  $c-
=040  \\$aMZA$beng$erda$cMZA$dMZA
=100  1\$aMorey, Pratap,$d1981-$eartist.$0http://id.loc.gov/authorities/names/no2021034918.
=245  10$aMeasure, decipher :$bPratap Morey.
=246  30$aPratap Morey.
=264  \1$aMumbai :$bTARQ,$c[2015]
=300  \\$a1 online resource (52 pages) :$billustrations.
=336  \\$atext$btxt$2rdacontent.
=337  \\$acomputer$bc$2rdamedia.
=338  \\$aonline resource$bcr$2rdacarrier.
=347  \\$atext file$bPDF$2rda.
=500  \\$aCatalog of an exhibition held at TARQ, Mumbai, from 07 November - 05 December, 2015.
=588  \\$aDescription based on online resource; title from PDF title page (viewed on April 16, 2021)
=600  10$aMorey, Pratap,$d1981-$vExhibitions.
=655  \0$aElectronic books.
=655  \7$aPDF.$2aat$0http://vocab.getty.edu/aat/300266022.
=710  2\$aTARQ (Gallery : Mumbai, India),$ehost institution.$0http://id.loc.gov/authorities/names/n2020240523.
=799  \\$aCCT PDF.
=856  40$uhttps://libmma.s3.amazonaws.com/1246316730.pdf$zFull text PDF
=902  \\$a210608
=960  \\$b0$c210416$dm$ea  $f-$g0
=994  \\$awww
=998  \\$abluehw original
=904  \\$aWatson Library copy: Gift of TARQ
=905  \\$aProcessed by BSLW 2021-05-03
=905  \\$aBSLW Base File 2021-06

