=LDR  03532cam a2200445Ii 4500
=001  1246318302
=003  OCoLC
=005  20210416025642.0
=006  m\\\\\o\\d\\\\\\\\
=007  cr\|||||||||||
=008  210416s2017\\\\ii\a\\\\oc\\\\000\0\eng\d
=035  \\$a.b20217006$bwww  $c-
=040  \\$aMZA$beng$erda$cMZA$dMZA
=100  1\$aArni, Clare,$eartist.$0http://id.loc.gov/authorities/names/no99089581.
=245  10$aNotorious rowdies :$bClare Arni /$ctext by Zac O'Yeah.
=246  30$aClare Arni.
=264  \1$aMumbai :$bTARQ,$c[2017]
=300  \\$a1 online resource (35 pages) :$billustrations.
=336  \\$atext$btxt$2rdacontent.
=337  \\$acomputer$bc$2rdamedia.
=338  \\$aonline resource$bcr$2rdacarrier.
=347  \\$atext file$bPDF$2rda.
=500  \\$aCatalog of an exhibition held at TARQ, Mumbai, from 14 September - 21 October, 2017.
=500  \\$a"Notorious Rowdies - a series of performative photographs by Clare Arni marks Arni's third solo exhibition at TARQ. The term 'rowdy' has a particularly evocative quality in South India. The 'rowdy' is an unsavoury character, an outlaw, with a strangely alluring bravado. Clare Arni's fascination with the figure of the 'rowdy' began a few years ago while scouring the crime beat section of a local daily, the Deccan Herald. This captivating section carried sordid tales of the nefarious activities of local gangsters, many of whom carried cryptic and outlandish aliases like Dairy, Chicken and JCB. The crime beat section and its sensationalist reportage style was for Arni, an echo of the garish aesthetic of film posters that are plastered across Bangalore, the city she calls home. The posters glamorized violence, with larger than life characters in incredulous scenarios. Fascinated by the specific persona of the 'rowdy', Arni began toying with the idea that perhaps there is a violence and drama in all of us; a rowdy under the surface, waiting to leap out. She began her project by photographing friends - fellow artists and writers - in various modes of the 'rowdy'. The participants were asked to delve into the inner life of the rowdy they had chosen to embody, creating elaborate back stories and crime sheets. What began as a fun project has turned into a series of performative photographs that are simultaneously humorous and macabre, with an aesthetic reminiscent of a low budget film. They unearth the dark fantasies of the subjects while also serving as a mirror to the universal voyeuristic fascination with violence. The exhibition is accompanied by a text by Zac O'Yeah - an author and one of Clare's first "Rowdies."" -- TARQ web site.
=588  \\$aDescription based on online resource; title from PDF title page (viewed on April 16, 2021)
=600  10$aArni, Clare$vExhibitions.
=655  \0$aElectronic books.
=655  \7$aPDF.$2aat$0http://vocab.getty.edu/aat/300266022.
=700  1\$aO'Yeah, Zac,$ewriter of added commentary.$0http://id.loc.gov/authorities/names/nb2010007178.
=710  2\$aTARQ (Gallery : Mumbai, India),$ehost institution.$0http://id.loc.gov/authorities/names/n2020240523.
=776  08$iPrint version:$tNotorious rowdies.$dMumbai : TARQ, [2017]$w(OCoLC)1131869867.
=799  \\$aCCT PDF.
=856  40$uhttps://libmma.s3.amazonaws.com/1246318302.pdf$zFull text PDF
=902  \\$a210608
=960  \\$b0$c210416$dm$ea  $f-$g0
=994  \\$awww
=998  \\$abluehw original
=904  \\$aWatson Library copy: Gift of TARQ
=905  \\$aProcessed by BSLW 2021-05-03
=905  \\$aBSLW Base File 2021-06

