=LDR  03016cam a2200445Ii 4500
=001  1246318407
=003  OCoLC
=005  20210416031928.0
=006  m\\\\\o\\d\\\\\\\\
=007  cr\|||||||||||
=008  210416s2014\\\\ii\a\\\\oc\\\\000\0\eng\d
=020  \\$z9789383804429
=035  \\$a.b20217018$bwww  $c-
=040  \\$aMZA$beng$erda$cMZA$dMZA
=100  1\$aKhurasani, Soghra,$d1983-$eartist.$0http://id.loc.gov/authorities/names/n2020240795.
=245  10$aOne day it will come out!
=264  \1$aMumbai :$bClark House Inprint,$c[2014]
=300  \\$a1 online resource (unpaged) :$billustrations.
=336  \\$atext$btxt$2rdacontent.
=337  \\$acomputer$bc$2rdamedia.
=338  \\$aonline resource$bcr$2rdacarrier.
=347  \\$atext file$bPDF$2rda.
=500  \\$aEdition of 500.
=500  \\$aPublished in conjunction with an exhibition at TARQ, Mumbia, from 26 April - 07 June, 2014.
=500  \\$a"'One Day It Will Come Out' is a publication by Clark House INPRINT brought out on the event of Soghra Khurasani's debut solo Which is a collaborative project of Clark House Initiative and TARQ curated by Hena Kapadia and Sumesh Sharma." -- Colophon.
=500  \\$a"One day it will come out by Baroda based Soghra Khurasani is the artist's first solo show. This exhibition looks into her complex practice, which revolves around her visceral reaction to the political and religious realities of being in India today. She keeps returning to the imagery of blood cells in her work, and thus systematically blurs the lines between powerful emotions and biological reality. The display includes several forms of printmaking as well as new media work, through which the artist is able to explore and express ideas of beauty and violence, using an incredible attention to detail. Her print works include the use of the woodcut, etching and serigraphy techniques. We are delighted to be able to display some of Soghra's wood blocks, from which she has made the prints on display, as these are artworks in their own right, and are essential to understanding the artist's process. The body of work is accompanied by a catalogue published in collaboration with the Clarke House Initiative, featuring an essay by Sumesh Sharma, who has been closely involved with Soghra's practice." -- TARQ web site.
=588  \\$aDescription based on online resource; title from PDF title page (viewed on April 16, 2021)
=600  10$aKhurasani, Soghra,$d1983-$vExhibitions.
=655  \0$aElectronic books.
=655  \7$aPDF.$2aat$0http://vocab.getty.edu/aat/300266022.
=710  2\$aTARQ (Gallery : Mumbai, India),$ehost institution.$0http://id.loc.gov/authorities/names/n2020240523.
=799  \\$aCCT PDF.
=856  40$uhttps://libmma.s3.amazonaws.com/1246318407.pdf$zFull text PDF
=902  \\$a210608
=960  \\$b0$c210416$dm$ea  $f-$g0
=994  \\$awww
=998  \\$abluehw original
=904  \\$aWatson Library copy: Gift of TARQ
=905  \\$aProcessed by BSLW 2021-05-03
=905  \\$aBSLW Base File 2021-06

