=LDR  03278cam a2200457Ii 4500
=001  1246318478
=003  OCoLC
=005  20210416032754.0
=006  m\\\\\o\\d\\\\\\\\
=007  cr\|||||||||||
=008  210416s2017\\\\ii\a\\\\obc\\\000\0\eng\d
=035  \\$a.b2021702x$bwww  $c-
=040  \\$aMZA$beng$erda$cMZA$dMZA
=100  1\$aSamanta, Tanmoy,$d1973-$eartist.$0http://id.loc.gov/authorities/names/n2008208993.
=245  10$aPortraits in time :$bTanmoy Samanta /$ctext by Veeranganakumari Solanki Jamwal.
=246  30$aTanmoy Samanta.
=264  \1$aMumbai :$bTARQ,$c2017.
=300  \\$a1 online resource (31 pages, 1 unnumbered page) :$billustrations.
=336  \\$atext$btxt$2rdacontent.
=337  \\$acomputer$bc$2rdamedia.
=338  \\$aonline resource$bcr$2rdacarrier.
=347  \\$atext file$bPDF$2rda.
=500  \\$a"Tanmoy Samanta's second solo exhibition at TARQ, Portraits in Time, carries works created by the artist over the last two years. In keeping with his distinctive aesthetic of clean lines and muted, stone-like colours, Samanta has continued to use a motley collection of found objects - protractors, stencils, pins and a faux fur in his work, which, together with his tempera and mixed media allow a turn towards the uncanny and surreal. Samanta uses portraiture - a theme steeped in historical tradition - in order to delve into time and its impact on memory and recall. The portraits, which individually define their specific subjects, envelop seemingly inconsequential and banal objects in a much wider context. The objects become "witnesses"; receptacles of memories that travel through the folds of time and space. Samanta imbues the uncanny imagery with symbolism that travels from the universe of the frame to the field of vision of the viewer. In her insightful essay on Portraits in Time, Veranganakumari Solanki Jamwal says - "Through this series of portraits, Samanta creates an acceptance of looking at portraiture in a non-traditional manner. He experiments with medium and brings forward icons of time to re-characterise them in a contemporary context. In his works, they depict life, character, thoughts and metaphors."" -- TARQ website.
=500  \\$aCatalog of an exhibition at TARQ, Mumbai, from 20 January - 25 February, 2017.
=504  \\$aIncludes bibliographical references (page [32])
=588  \\$aDescription based on online resource; title from PDF title page (viewed on April 16, 2021)
=600  10$aSamanta, Tanmoy,$d1973-$vExhibitions.
=655  \0$aElectronic books.
=655  \7$aPDF.$2aat$0http://vocab.getty.edu/aat/300266022.
=700  1\$aJamwal, Veeranganakumari Solanki,$ewriter of added text.$0http://id.loc.gov/authorities/names/n2021240813.
=710  2\$aTARQ (Gallery : Mumbai, India),$epublisher.$0http://id.loc.gov/authorities/names/n2020240523.
=776  08$iPrint version:$aSamanta, Tanmoy.$tPortraits in time.$dMumbai : TARQ, 2017$w(OCoLC)1131870607.
=799  \\$aCCT PDF.
=856  40$uhttps://libmma.s3.amazonaws.com/1246318478.pdf$zFull text PDF
=902  \\$a210608
=960  \\$b0$c210416$dm$ea  $f-$g0
=994  \\$awww
=998  \\$abluehw original
=904  \\$aWatson Library copy: Gift of TARQ
=905  \\$aProcessed by BSLW 2021-05-03
=905  \\$aBSLW Base File 2021-06

