=LDR  04078cam a2200469Ii 4500
=001  1246318867
=003  OCoLC
=005  20210416033643.0
=006  m\\\\\o\\d\\\\\\\\
=007  cr\|||||||||||
=008  210416s2014\\\\ii\a\\\\oc\\\\000\0\eng\d
=020  \\$z9789383999026$q(paperback)
=020  \\$z9383999020$q(paperback)
=035  \\$a.b20217031$bwww  $c-
=040  \\$aMZA$beng$erda$cMZA$dMZA
=043  \\$aa-ii---
=245  00$aReading room /$ccurated by Amit Kumar Jain.
=246  14$aReading room :$ban exhibition featuring artists' books and altered book art.
=264  \1$aMumbai :$bTARQ,$c[2014]
=300  \\$a1 online resource (47 pages) :$billustrations.
=336  \\$atext$btxt$2rdacontent.
=337  \\$acomputer$bc$2rdamedia.
=338  \\$aonline resource$bcr$2rdacarrier.
=347  \\$atext file$bPDF$2rda.
=500  \\$aPublished in conjunction with an exhibition at TARQ, Mumbai, from 08 August - 13 September, 2014.
=500  \\$a"Anne Covell, Banoo Batliboi, Deng Yifu, Kingsley Gunatillake, Layla Gonaduwa, Liz Fernando, Meera Devidayal, Radhika Hettiarachchi & Shanika Perera, Samanta Batra Mehta, Samit Das, Sathyanand Mohan, Smriti Choudhary, Tanmoy Samanta, Zach Stensen, Jagath Weerasinghhe. Presented in collaboration with Blueprint 12 (New Delhi) and Colombo Art Biennale (Colombo), Reading Room is a show curated by Amit Jain, featuring works by fifteen artists from across the world. The Reading Room is a journey of discoveries and experiences, of nostalgia and witness; a space where the many and varied perspectives and practices of the book arts find a place of meeting, dialogue and expression. Book art demands both, an aesthetic engagement and critical conceptual inquiry into the work. Aesthetic engagement with book art requires a paradigm shift to reading a different logic in the book: the logic of the visual, textural and cultural. Traditionally, the book has signified knowledge, and can be considered a visually embedded cultural site because of this history (consider the many times that books have been burnt as acts of symbolic violence). It is a site where many versions of history, senses of identity and narratives (both dominant and counter) converge. The book in contemporary art, is thus an object completely transformed  not just in its structure, but also in its meaning. Walter Benjamin calls this the renewal of existence. This sense of renewal is to be experienced in the work of the exhibiting artists brought together in conversation in the Reading Room. The mood is sometimes fantastical and playful, and sometimes evocative and intimate. At its most activist, it stands as a collective resistance to dominant politics and ideologies. And, as the artist, in many ways, works as an interpreter of the book, so will the viewer of the work. The experience of reading is deeply personal, whether approached with anticipation, curiosity, or sometimes even with hesitation. Thus, the Reading Room invites the reader of this space to carry with them the memory of this experience in a context created for encounter, discussion, and making meaning." -- TARQ web site.
=588  \\$aDescription based on online resource; title from PDF title page (viewed on April 16, 2021)
=650  \0$aArtists' books$zIndia$vExhibitions.
=655  \0$aElectronic books.
=655  \7$aPDF.$2aat$0http://vocab.getty.edu/aat/300266022.
=700  1\$aJain, Amit Kumar,$ecurator.$0http://id.loc.gov/authorities/names/n2016247827.
=710  2\$aTARQ (Gallery : Mumbai, India),$epublisher,$ehost institution.$0http://id.loc.gov/authorities/names/n2020240523.
=776  08$iPrint version:$tReading room.$dMumbai : TARQ, [2014]$z9789383999026$w(OCoLC)1131871527.
=799  \\$aCCT PDF.
=856  40$uhttps://libmma.s3.amazonaws.com/1246318867.pdf$zFull text PDF
=902  \\$a210608
=960  \\$b0$c210416$dm$ea  $f-$g0
=994  \\$awww
=998  \\$abluehw original
=904  \\$aWatson Library copy: Gift of TARQ
=905  \\$aProcessed by BSLW 2021-05-03
=905  \\$aBSLW Base File 2021-06

