=LDR  03061cam a2200433Ii 4500
=001  1246318837
=003  OCoLC
=005  20210416035654.0
=006  m\\\\\o\\d\\\\\\\\
=007  cr\|||||||||||
=008  210416s2021\\\\ii\a\\\\oc\\\\000\0\eng\d
=035  \\$a.b20217171$bwww  $c-
=040  \\$aMZA$beng$erda$cMZA$dMZA
=100  1\$aKulavoor, Sameer,$eartist,$einterviewee.$0http://id.loc.gov/authorities/names/no2017106230.
=245  10$aYou are all caught up :$bSameer Kulavoor /$cin conversation with Ankur Tewari.
=246  30$aSameer Kulavoor.
=264  \1$aMumbai :$bTARQ,$c[2021]
=300  \\$a1 online resource (32 pages) :$billustrations.
=336  \\$atext$btxt$2rdacontent.
=337  \\$acomputer$bc$2rdamedia.
=338  \\$aonline resource$bcr$2rdacarrier.
=347  \\$atext file$bPDF$2rda.
=500  \\$aCatalog of an exhibition held at TARQ, Mumbai, from 03 December - 07 January, 2021.
=500  \\$a"The team at TARQ is delighted to present 'YOU ARE ALL CAUGHT UP' by Sameer Kulavoor. This is his second solo exhibition at TARQ. The show is made up of a series of paintings and drawings that are an expression of the artist's understanding of the tumultuous historical moment that we are currently experiencing. In this show, Kulavoor continues to be fascinated with Social Media, and looks deeply at ideas of the personal and political through the ubiquitous blue screen. While the artist has in some ways continued his unique observations of urban spaces - the landscape he is intimately familiar with - he now looks at these regular haunts through the lens of the growing pandemic. In this, he grows curiouser and curiouser as to how and why people adapt to the times by consuming content that is now readily available at your fingertips, and often times, leads to an information overload. In many ways, his works are a documentation of life not only in an urban metropolis but the restless mental state of living through a time of political turmoil. As a sign of the times, it is not uncommon to find the omnipresent cell phone in several works, serving to alienate, entertain and often, making the private, public. Kulavoor continues to question and dissect how humanity, as a whole, is adapting to and fighting against these unchartered territories seeking change." -- TARQ web site.
=588  \\$aDescription based on online resource; title from PDF title page (viewed on April 16, 2021)
=600  10$aKulavoor, Sameer$vExhibitions.
=655  \0$aElectronic books.
=655  \7$aPDF.$2aat$0http://vocab.getty.edu/aat/300266022.
=700  1\$aTewari, Ankur,$einterviewer.
=710  2\$aTARQ (Gallery : Mumbai, India),$ehost institution.$0http://id.loc.gov/authorities/names/n2020240523.
=799  \\$aCCT PDF.
=856  40$uhttps://libmma.s3.amazonaws.com/1246318837.pdf$zFull text PDF
=902  \\$a210608
=960  \\$b0$c210416$dm$ea  $f-$g0
=994  \\$awww
=998  \\$abluehw original
=904  \\$aWatson Library copy: Gift of TARQ
=905  \\$aProcessed by BSLW 2021-05-03
=905  \\$aBSLW Base File 2021-06

