=LDR  04157cam a2200529Ii 4500
=001  1246318432
=003  OCoLC
=005  20210416040757.0
=006  m\\\\\o\\d\\\\\\\\
=007  cr\|||||||||||
=008  210416s2015\\\\ii\a\\\\oc\\\\000\0\eng\d
=035  \\$a.b20217213$bwww  $c-
=040  \\$aMZA$beng$erda$cMZA$dMZA
=043  \\$aa-ii---
=050  00$aTR647$b.C4426 2015eb
=090  \\$aTR647$b.C4426 2015eb
=100  1\$aChawla, Sonia Mehra,$d1977-$eauthor.$0http://id.loc.gov/authorities/names/n2009215233.
=245  10$aScapelands :$bSonia Mehra Chawla /$ctext, Ranjit Hoskote.
=246  30$aSonia Mehra Chawla.
=264  \1$aNew Delhi :$bExhibit 320,$c2015.
=300  \\$a1 online resource (95, 1 unnumbered page) :$billustrations.
=336  \\$atext$btxt$2rdacontent.
=337  \\$acomputer$bc$2rdamedia.
=338  \\$aonline resource$bcr$2rdacarrier.
=347  \\$atext file$bPDF$2rda.
=500  \\$a"Published by Exhibit 320 in collaboration with British Council India on the occassion of the exhibition Scapelands by Sonia Mehra chawla, January-February 2015"--Page 96.
=500  \\$a"An exhibition of recent works by Sonia Mehra Chawla, Scapelands examines the development of the artist's strategies that unsettle conventional wisdom about our relationship with and within nature and take on a notion of turning inwards into a phenomenological experience of life. Based on her navigations in the Sunderbans in West Bengal and Pichavaram in Tamil Nadu, both biomes of mangroves; the forests of Uttarakhand; fallen boughs in Goa and Pondicherry; and a riverbank in Thailand, Chawla engages with the natural and organic world -- a result of several years of research and documentation of sites across geographies. Her creative process involves working intimately with various mediums: painting, printmaking, photography and video. As an artist-in-residence at the London Print Studio in the UK in 2014, she experimented with photopolymer gravure, a form of non-toxic intaglio printmaking, which is elemental to the works displayed in this exhibition. Chawla's artistic practice is concerned with the construction of nature that is defined not just as the physical world around us but also the conditions of our physical, metaphorical, social and ecological interactions with it. Drawing inspiration from the tropes of germination, gestation, ecotopia and science fiction, she explores spaces, and the articulation of human experiences within these spaces -- both inner and outer. Through her practice, she endeavors to transform everyday earthly images into phantasmagorical visions, landscapes that could be from the earth's primordial past or vistas from distant planetary surfaces we are yet to encounter. Evolution through dynamic growth and metamorphosis is fundamental to the imagery in Chawla's works."
=500  \\$aCatalog of an exhibition at TARQ, Mumbai, from 20 August - 16 September, 2015.
=588  \\$aDescription based on online resource; title from PDF title page (viewed on April 16, 2021)
=600  10$aChawla, Sonia Mehra,$d1977-$vExhibitions.
=650  \0$aPhotography, Artistic$vExhibitions.$0http://id.loc.gov/authorities/subjects/sh2008108790.
=650  \0$aLandscape photography$zIndia$vExhibitions.
=655  \0$aElectronic books.
=655  \7$aPDF.$2aat$0http://vocab.getty.edu/aat/300266022.
=700  1\$aHoskote, Ranjit,$d1969-$eauthor of additional text.$0http://id.loc.gov/authorities/names/n88161782.
=710  2\$aExhibit 320 (Gallery : New Delhi, India),$epublisher.$0http://id.loc.gov/authorities/names/n2012219815.
=710  2\$aTARQ (Gallery : Mumbai, India),$ehost institution.$0http://id.loc.gov/authorities/names/n2020240523.
=776  08$iPrint version:$aChawla, Sonia Mehra.$tScapelands.$dNew Delhi : Exhibit 320, 2015$w(OCoLC)993752162.
=799  \\$aCCT PDF.
=856  40$uhttps://libmma.s3.amazonaws.com/1246318432.pdf$zFull text PDF
=902  \\$a210608
=960  \\$b0$c210416$dm$ea  $f-$g0
=994  \\$awww
=998  \\$abluehw original
=904  \\$aWatson Library copy: Gift of TARQ
=905  \\$aProcessed by BSLW 2021-05-03
=905  \\$aBSLW Base File 2021-06

