=LDR  01877cam a2200445Ii 4500
=001  1246319008
=003  OCoLC
=005  20210416041815.0
=006  m\\\\\o\\d\\\\\\\\
=007  cr\|||||||||||
=008  210416s2019\\\\ii\a\\\\oc\\\\000\0\eng\d
=035  \\$a.b20217225$bwww  $c-
=040  \\$aMZA$beng$erda$cMZA$dMZA
=100  1\$aMakanji, Apnavi,$d1976-$eartist.$0http://id.loc.gov/authorities/names/no2021045776.
=245  10$aSoil as witness, memory as wound :$bApnavi Makanji /$ctext by Faisal Devji.
=246  30$aApnavi Makanji.
=264  \1$aMumbai :$bTARQ,$c[2019]
=300  \\$a1 online resource (31 pages) :$billustrations.
=336  \\$atext$btxt$2rdacontent.
=337  \\$acomputer$bc$2rdamedia.
=338  \\$aonline resource$bcr$2rdacarrier.
=347  \\$atext file$bPDF$2rda.
=500  \\$aCatalog of an exhibition held at TARQ, Mumbai, from 14 March - 27 April, 2019.
=500  \\$a"We are delighted to present Soil as witness 
=588  \\$aDescription based on online resource; title from PDF title page (viewed on April 16, 2021)
=600  10$aMakanji, Apnavi,$d1976-$vExhibitions.
=655  \0$aElectronic books.
=655  \7$aPDF.$2aat$0http://vocab.getty.edu/aat/300266022.
=700  1\$aDevji, Faisal,$ewriter of added commentary.$0http://id.loc.gov/authorities/names/nr00026967.
=710  2\$aTARQ (Gallery : Mumbai, India),$ehost institution.$0http://id.loc.gov/authorities/names/n2020240523.
=776  08$iPrint version:$tSoil as witness, memory as wound.$dMumbai : TARQ, 2019$w(OCoLC)1243910202.
=799  \\$aCCT PDF.
=856  40$uhttps://libmma.s3.amazonaws.com/1246319008.pdf$zFull text PDF
=902  \\$a210608
=960  \\$b0$c210416$dm$ea  $f-$g0
=994  \\$awww
=998  \\$abluehw original
=904  \\$aWatson Library copy: Gift of TARQ
=905  \\$aProcessed by BSLW 2021-05-03
=905  \\$aBSLW Base File 2021-06

