=LDR  03117cam a2200433Ii 4500
=001  1246319990
=003  OCoLC
=005  20210416042957.0
=006  m\\\\\o\\d\\\\\\\\
=007  cr\|||||||||||
=008  210416s2016\\\\ii\a\\\\oc\\\\000\0\eng\d
=035  \\$a.b20217237$bwww  $c-
=040  \\$aMZA$beng$erda$cMZA$dMZA
=100  1\$aPothupitiye, Pala,$d1972-$eartist.$0http://id.loc.gov/authorities/names/n2020240627.
=245  10$aSri Sri Lanka :$bartworks by Pala Pothupitiye.
=246  30$aArtworks by Pala Pothupitiye.
=264  \1$aMumbai :$bTARQ,$c[2016]
=300  \\$a1 online resource (36 pages) :$billustrations.
=336  \\$atext$btxt$2rdacontent.
=337  \\$acomputer$bc$2rdamedia.
=338  \\$aonline resource$bcr$2rdacarrier.
=347  \\$atext file$bPDF$2rda.
=500  \\$aCatalog of an exhibition held at TARQ, Mumbai, from 22 January - 20 February, 2016.
=500  \\$a"Sri Sri Lanka, Pala Pothupitiye's first solo exhibition in India at TARQ, primarily features a suite of Pala's celebrated maps, on both paper and canvas. This exhibition explores the process of re-crafting the 'official' version of maps as a consequence of the underlying geopolitics that are in constant flux and that have changed throughout Asia's historical evolution. Each map delves into Sri Lanka's rich historical past, and with each map, the artist attempts to decode another aspect of the nation's fraught identity. The artist works with maps carefully modifying and manipulating the image of Sri Lanka that is familiar to the viewer in its conventional form, but in this case has morphed beyond recognition. "Sri Sri Lanka" will also include a set of sculptures that further examine the post-colonial Sri Lankan identity, through the lens of the artist. It is through these maps and sculptures that the exhibition provides an insight to the politically biased, and often subjective notions of map-making. It is also perhaps the case that the scars of colonialism and religious conflicts demand that Sri Lanka re-looks at herself, in this case, through the eyes of a cartographer who questions his own traditional as well as academic upbringing in a politically-charged nation that, from his artistic vantage point, fails to address the venerated title -- 'Sri' --the country is known for." -- TARQ web site.
=588  \\$aDescription based on online resource; title from PDF title page (viewed on April 16, 2021)
=600  10$aPothupitiye, Pala,$d1972-$vExhibitions.
=655  \0$aElectronic books.
=655  \7$aPDF.$2aat$0http://vocab.getty.edu/aat/300266022.
=710  2\$aTARQ (Gallery : Mumbai, India),$ehost institution.$0http://id.loc.gov/authorities/names/n2020240523.
=776  08$iPrint version:$tSri Sri Lanka.$dMumbai : TARQ, [2016]$w(OCoLC)1131898980.
=799  \\$aCCT PDF.
=856  40$uhttps://libmma.s3.amazonaws.com/1246319990.pdf$zFull text PDF
=902  \\$a210608
=960  \\$b0$c210416$dm$ea  $f-$g0
=994  \\$awww
=998  \\$abluehw original
=904  \\$aWatson Library copy: Gift of TARQ
=905  \\$aProcessed by BSLW 2021-05-03
=905  \\$aBSLW Base File 2021-06

