=LDR  03500cam a2200445Ii 4500
=001  1246320030
=003  OCoLC
=005  20210416043813.0
=006  m\\\\\o\\d\\\\\\\\
=007  cr\|||||||||||
=008  210416s2017\\\\ii\a\\\\oc\\\\000\0\eng\d
=035  \\$a.b20217249$bwww  $c-
=040  \\$aMZA$beng$erda$cMZA$dMZA
=100  1\$aKunhan, Saju,$d1983-$eartist.$0http://id.loc.gov/authorities/names/n2020240560.
=245  10$aStained geographies :$bSaju Kunhan /$ctext by Anuj Daga.
=246  30$aSaju Kunhan.
=264  \1$aMumbai :$bTARQ,$c[2017]
=300  \\$a1 online resource (31 pages) :$billustrations.
=336  \\$atext$btxt$2rdacontent.
=337  \\$acomputer$bc$2rdamedia.
=338  \\$aonline resource$bcr$2rdacarrier.
=347  \\$atext file$bPDF$2rda.
=500  \\$aCatalog of an exhibition held at TARQ, Mumbai, from 27 October - 25 November, 2017.
=500  \\$a"Stained Geographies, Saju Kunhan's first solo exhibition at TARQ, brings together a body of work that is the result of Kunhan's exploration of the archive along with the re-interpretation of images in shifting contexts. He uses wood and archival images to articulate his conceptual investigations. Accompanied by an essay penned by architect and researcher Anuj Daga, Saju's exhibition catalogue highlights the spectacular variation in scale that Saju is able to execute. His works range from small scale multimedia drawings of cityscapes to immense multi-panel works that use image transfers onto wood to depict maps and large-scale migrations from city to city, and indeed across the world. By working with maps and spaces, Saju creates a mythical, almost fantasy world, that prompts questions of where we are, how we got there, and where will go from here. According to Anuj Daga, "Movement, collisions, ruffles and stains give meaning to life in Saju's works. Staining is an active process that enables our engagement with history. And it is through such engagement that we are able to define distinct geographies - physical as well as cultural. What shall be the shape of the world as seen through the extents of such engagements? The works presented in this selection invite us to live the space between the finished and the incomplete. It paints a possibility in the life of a stain that gains definition in its fading, or one that learns to fades in its firmness. Saju's geographies reconcile stains into shades of landscapes that have accumulated meaning over a slow process of history. It gestures to the stained geographies we all eventually come to inhabit."" -- TARQ web site.
=588  \\$aDescription based on online resource; title from PDF title page (viewed on April 16, 2021)
=600  10$aKunhan, Saju,$d1983-$vExhibitions.
=655  \0$aElectronic books.
=655  \7$aPDF.$2aat$0http://vocab.getty.edu/aat/300266022.
=700  1\$aDaga, Anuj,$ewriter of added commentary.$0http://id.loc.gov/authorities/names/n2020240563.
=710  2\$aTARQ (Gallery : Mumbai, India),$ehost institution.$0http://id.loc.gov/authorities/names/n2020240523.
=776  08$iPrint version:$aKunhan, Saju.$tStained geographies.$dMumbai : TARQ, [2017]$w(OCoLC)1131898424.
=799  \\$aCCT PDF.
=856  40$uhttps://libmma.s3.amazonaws.com/1246320030.pdf$zFull text PDF
=902  \\$a210608
=960  \\$b0$c210416$dm$ea  $f-$g0
=994  \\$awww
=998  \\$abluehw original
=904  \\$aWatson Library copy: Gift of TARQ
=905  \\$aProcessed by BSLW 2021-05-03
=905  \\$aBSLW Base File 2021-06

