=LDR  03352cam a2200481Ii 4500
=001  1246548823
=003  OCoLC
=005  20210419120439.0
=006  m\\\\\o\\d\\\\\\\\
=007  cr\|||||||||||
=008  210419s2015\\\\ii\a\\\\oc\\\\000\0\eng\d
=020  \\$z9789383999064
=020  \\$z9383999063
=035  \\$a.b20217705$bwww  $c-
=040  \\$aMZA$beng$erda$cMZA$dMZA
=100  1\$aSamanta, Tanmoy,$d1973-$eartist.$0http://id.loc.gov/authorities/names/n2008208993.
=245  14$aThe shadow trapper's almanac :$bTanmoy Samanta, recent works /$ccurated by Ranjit Hoskote.
=246  1\$iTitle appears on item as:$aTARQ presents, the shadow trapper's almanac :$bTanmoy Samanta, recent works.
=246  30$aTanmoy Samanta, recent works.
=264  \1$aMumbai :$bTARQ,$c[2015]
=300  \\$a1 online resource (42 pages) :$billustrations.
=336  \\$atext$btxt$2rdacontent.
=337  \\$acomputer$bc$2rdamedia.
=338  \\$aonline resource$bcr$2rdacarrier.
=347  \\$atext file$bPDF$2rda.
=500  \\$aCatalog of an exhibition at TARQ, Mumbai, from 22nd November 2014 - 9th January 2015.
=500  \\$a"Curated by Ranjit Hoskote, The Shadow Trappers Almanac, is Tanmoy Samantas first solo exhibition in Bombay. It features gouache paintings on rice paper and recycled book sculptures, two integral facets of his practice. Samantas practice explores notions traditionally associated with sculpture, including volume and void, relief and surface, container and content". In Samantas delicate works on paper, we find elements of cutout and collage reminiscent of Surrealist and Dada practices as well as a nuanced surety that echoes the style of the miniature. Samanta begins a painting by layering rice paper onto a thicker base, using a series of colours going from dark to light. His book works explore various types of books, including the kitab, the muraqqa, and the laporetto. Each book engages the viewers imagination in a unique way. Samantas use of desaturated colour and texture evokes a sense of rich nostalgia in the ordinary. According to Hoskote, Tanmoy Samantas works, with their combination of exhilaration and menace, formal playfulness and philosophical depth, remind us that art is not an escape from the world, but a route that leads us back, replenished by dream and vision, to the perplexities of the everyday." -- TARQ web site.
=588  \\$aDescription based on online resource; title from PDF title page (viewed on April 19, 2021)
=600  10$aSamanta, Tanmoy,$d1973-$vExhibitions.
=655  \0$aElectronic books.
=655  \7$aPDF.$2aat$0http://vocab.getty.edu/aat/300266022.
=700  1\$aHoskote, Ranjit,$d1969-$ecurator,$ewriter of added text.$0http://id.loc.gov/authorities/names/n88161782.
=710  2\$aTARQ (Gallery : Mumbai, India),$epublisher.$0http://id.loc.gov/authorities/names/n2020240523.
=776  08$iPrint version:$aSamanta, Tanmoy.$tShadow trapper's almanac.$dMumbai : TARQ, [2015]$z9789383999064$w(OCoLC)1131864996.
=799  \\$aCCT PDF.
=856  40$uhttps://libmma.s3.amazonaws.com/1246548823.pdf$zFull text PDF
=902  \\$a210608
=960  \\$b0$c210419$dm$ea  $f-$g4
=994  \\$awww
=998  \\$abluehw original
=904  \\$aWatson Library copy: Gift of TARQ
=905  \\$aProcessed by BSLW 2021-05-03
=905  \\$aBSLW Base File 2021-06

