=LDR  02920cam a2200445Ii 4500
=001  1246548890
=003  OCoLC
=005  20210419121428.0
=006  m\\\\\o\\d\\\\\\\\
=007  cr\|||||||||||
=008  210419s2019\\\\ii\a\\\\oc\\\\000\0\eng\d
=035  \\$a.b20217778$bwww  $c-
=040  \\$aMZA$beng$erda$cMZA$dMZA
=100  1\$aSikander, Nibha,$d1983-$eartist.$0http://id.loc.gov/authorities/names/n2021241897.
=245  10$aWandering violin mantis :$bNibha Sikander /$cessay by Ranjit Hoskote.
=246  30$aNibha Sikander.
=264  \1$aMumbai :$bTARQ,$c[2019]
=300  \\$a1 online resource (35 pages) :$billustrations.
=336  \\$atext$btxt$2rdacontent.
=337  \\$acomputer$bc$2rdamedia.
=338  \\$aonline resource$bcr$2rdacarrier.
=347  \\$atext file$bPDF$2rda.
=500  \\$aCatalog of an exhibition held at TARQ, Mumbai, from 29 November, 2019 - 04 January, 2020.
=500  \\$a"We are delighted to present Wandering Violin Mantis- Nibha Sikander's first solo exhibition. In this exhibition, Sikander expands on her growing practice of looking at and recreating various species from nature, some real and some imagined. The artist uses layer upon layer of intricately cut out paper to create form after form of moths, mantises and birds, each one meticulously assembled in her studio in Murud-Janjira. This exhibition focuses on Sikander's observations of a variety of insects and other creatures that surround her. Fascinated by nature since childhood, and more particularly since moving to her current home, the artist began experimenting with making birds in her medium of choice - paper. The paper, according to her, mimics nature in its versatility - soft, stiff, malleable and flexible, almost like wings, feathers and antennae. In some of her works, Sikander delves deeper into her engagement with her subjects, deconstructing, and even abstracting the individual elements of the bird or insect that she is recording." -- TARQ web site.
=588  \\$aDescription based on online resource; title from PDF title page (viewed on April 19, 2021)
=600  10$aSikander, Nibha,$d1983-$vExhibitions.
=655  \0$aElectronic books.
=655  \7$aPDF.$2aat$0http://vocab.getty.edu/aat/300266022.
=700  1\$aHoskote, Ranjit,$d1969-$ewriter of added commentary.$0http://id.loc.gov/authorities/names/n88161782.
=710  2\$aTARQ (Gallery : Mumbai, India),$ehost institution.$0http://id.loc.gov/authorities/names/n2020240523.
=776  08$iPrint version:$aSikander, Nibha.$tWandering violin mantis.$dMumbai : TARQ, [2019]$w(OCoLC)1243909252.
=799  \\$aCCT PDF.
=856  40$uhttps://libmma.s3.amazonaws.com/1246548890.pdf$zFull text PDF
=902  \\$a210608
=960  \\$b0$c210419$dm$ea  $f-$g0
=994  \\$awww
=998  \\$abluehw original
=904  \\$aWatson Library copy: Gift of TARQ
=905  \\$aProcessed by BSLW 2021-05-03
=905  \\$aBSLW Base File 2021-06

