=LDR  03727cam a2200433Ii 4500
=001  1246548900
=003  OCoLC
=005  20210419122947.0
=006  m\\\\\o\\d\\\\\\\\
=007  cr\|||||||||||
=008  210419s2016\\\\ii\a\\\\oc\\\\000\0\eng\d
=035  \\$a.b20217870$bwww  $c-
=040  \\$aMZA$beng$erda$cMZA$dMZA
=100  1\$aSen, Ronny,$d1986-$eartist.$0http://id.loc.gov/authorities/names/n2020240762.
=245  10$aNew world chronicles of an old world colour.
=264  \1$aMumbai :$bTARQ,$c[2016]
=300  \\$a1 online resource (8 pages) :$billustrations.
=336  \\$atext$btxt$2rdacontent.
=337  \\$acomputer$bc$2rdamedia.
=338  \\$aonline resource$bcr$2rdacarrier.
=347  \\$atext file$bPDF$2rda.
=500  \\$aCatalog of an exhibition held at TARQ, Mumbai, from 07 July - 28 July, 2016.
=500  \\$a"New world chronicles of an old world colour -- an exhibition of Ronny Sen's photographs is presented by The Polish Institute in New Delhi in collaboration with Latitude 28. This exhibition is a partner event of Delhi Photo Festival 2015. An exploration of melancholia, 'New world chronicles of an old world colour' is Ronny Sen's recent work created during the photographer's art residency stay in Gdask City Gallery, Poland earlier this year. 'Last winter, I spent three weeks in Poland in an old city called Gdask at the mouth of the Motawa River. While there, I often thought of how it shared with my home city and state the many burdens of a communist past. This serendipitous connection became the locus of my attempts to connect to a place I was otherwise a stranger to. I was deeply inspired by Polish filmmaker Krzysztof Kielowski's seminal work 'Three Colors Trilogy'. Taking a cue from his film, I wanted to react to everything that was going on around me, through individual shades. I had my own baggage because I came from Calcutta where the communists had ruled for the past three decades. I failed terribly; the colours in my memory were different from what I was encountering here. Soon disillusioned, I wasn't sure what I was looking for anymore. I sought out every glimpse of the accidental flare of hues, looking in and out, unnoticed and unseen. Capturing colours, seeking them out and arranging them in order would reveal meaning, I had thought. But what I ended up photographing were mundane things, seemingly regular, even banal, which only furthered the obscurity I had meant to resolve in the very beginning. In the strange and melancholic Polish winter, I grappled anew with the fading of the left and of red --the colour which had been its most enduring symbol in the past. Desolate, I looked thus for its chance traces and eventually moved to other things, left behind unnoticed in crevices, there in the streets where Solidarity had once emerged," writes Ronny Sen." -- TARQ web site.
=588  \\$aDescription based on online resource; title from PDF title page (viewed on April 19, 2021)
=600  10$aSen, Ronny,$d1986-$vExhibitions.
=655  \0$aElectronic books.
=655  \7$aPDF.$2aat$0http://vocab.getty.edu/aat/300266022.
=710  2\$aTARQ (Gallery : Mumbai, India),$ehost institution.$0http://id.loc.gov/authorities/names/n2020240523.
=710  2\$aPolish Institute (New Delhi, India)$0http://id.loc.gov/authorities/names/n2020240569.
=711  2\$aDelhi Photo Festival$d(2015 :$cNew Delhi, India)
=799  \\$aCCT PDF.
=856  40$uhttps://libmma.s3.amazonaws.com/1246548900.pdf$zFull text PDF
=902  \\$a210608
=960  \\$b0$c210419$dm$ea  $f-$g0
=994  \\$awww
=998  \\$abluehw original
=904  \\$aWatson Library copy: Gift of TARQ
=905  \\$aProcessed by BSLW 2021-05-03
=905  \\$aBSLW Base File 2021-06

