=LDR  03511cam a2200433Ii 4500
=001  1246549430
=003  OCoLC
=005  20210419123556.0
=006  m\\\\\o\\d\\\\\\\\
=007  cr\|||||||||||
=008  210419s2018\\\\ii\a\\\\oc\\\\000\0\eng\d
=035  \\$a.b20217894$bwww  $c-
=040  \\$aMZA$beng$erda$cMZA$dMZA
=245  00$aWaste land /$ccurated by Birgid Uccia ; artists, Aaditi Joshi, Asim Waqif, Boshudhara Mukherjee, Kaushik Saha, Kausik Mukhopadhyay, Prashant Pandey, Tanya Goel.
=246  1\$iTitle appears on item as:$aTARQ in partnership with the Consulate General of Switzerland in Mumbai presents, waste land.
=264  \1$aMumbai :$bTARQ,$c2018.
=300  \\$a1 online resource (34 pages) :$billustrations.
=336  \\$atext$btxt$2rdacontent.
=337  \\$acomputer$bc$2rdamedia.
=338  \\$aonline resource$bcr$2rdacarrier.
=347  \\$atext file$bPDF$2rda.
=500  \\$a"The exhibition Waste Land is part of the biennial public diplomacy campaign "70 Years of Swiss-Indian Friendship: Connecting Minds - Inspiring the Future" of the Consulate General of Switzerland in Mumbai. Aiming to reinforce this friendship, the exhibition connects creative minds from fields as diverse as contemporary Indian art and Swiss waste management and technology. Cutting across these disciplines, the exhibition provides a platform for the exchange of innovative ideas and pioneering discoveries in both fields. The title, Waste Land, uses 'waste' as a generic term, covering a wide range of synonyms such as trash, garbage, refuse, junk, debris. It implies 'waste' as the verb that designates excessive squandering and the luxury our consumerist society has to do so. The title also refers to a deserted land, devastated by the depletion of resources through the sheer abundance of waste. Since the beginning of cultural history, waste has been an integral part of the functioning of socio-economic systems, whose evolution has culminated in the process of industrialization. In past decades, waste, long considered as something worthless to be discarded, has in many ways achieved the status of a sought-after raw material. Converted into a commodity through the process of recycling, waste is reinserted into the economic cycle, entering a new value chain. Pioneering efforts in countries such as Switzerland result in high technologies, promoting methods of waste treatment and resource efficiency that counteract the fallouts of our wasteful society." -- TARQ web site.
=500  \\$aCatalog of an exhibition at TARQ, Mumbai, from 07 June - 04 August, 2018.
=588  \\$aDescription based on online resource; title from PDF title page (viewed on April 19, 2021)
=650  \0$aArt, Indic$y21st century$vExhibitions.$0http://id.loc.gov/authorities/subjects/sh2009115835.
=655  \0$aElectronic books.
=655  \7$aPDF.$2aat$0http://vocab.getty.edu/aat/300266022.
=700  1\$aUccia, Birgid,$ecurator.$0http://id.loc.gov/authorities/names/n2020241006.
=710  2\$aTARQ (Gallery : Mumbai, India),$epublisher.$0http://id.loc.gov/authorities/names/n2020240523.
=776  08$iPrint version:$tWaste land.$dMumbai : TARQ, 2018$w(OCoLC)1131870326.
=799  \\$aCCT PDF.
=856  40$uhttps://libmma.s3.amazonaws.com/1246549430.pdf$zFull text PDF
=902  \\$a210608
=960  \\$b0$c210419$dm$ea  $f-$g0
=994  \\$awww
=998  \\$abluehw original
=904  \\$aWatson Library copy: Gift of TARQ
=905  \\$aProcessed by BSLW 2021-05-03
=905  \\$aBSLW Base File 2021-06

