=LDR  03119cam a2200445Ii 4500
=001  1246549470
=003  OCoLC
=005  20210419124422.0
=006  m\\\\\o\\d\\\\\\\\
=007  cr\|||||||||||
=008  210419s2017\\\\ii\a\\\\oc\\\\000\0\eng\d
=035  \\$a.b20217900$bwww  $c-
=040  \\$aMZA$beng$erda$cMZA$dMZA
=100  1\$aMerchant, Rithika,$d1986-$eartist.$0http://id.loc.gov/authorities/names/n2020240591.
=245  10$aWhere the water takes us :$bRithika Merchant /$ctext by Skye Arundhati Thomas.
=246  30$aRithika Merchant.
=264  \1$aMumbai :$bTARQ,$c[2017]
=300  \\$a1 online resource (36 pages) :$billustrations.
=336  \\$atext$btxt$2rdacontent.
=337  \\$acomputer$bc$2rdamedia.
=338  \\$aonline resource$bcr$2rdacarrier.
=347  \\$atext file$bPDF$2rda.
=500  \\$aCatalog of an exhibition at TARQ, Mumbai, from 01 December - 13 January, 2018.
=500  \\$a"Rithika Merchant's first solo exhibition at TARQ brings together a body of work that explores issues of migration, displacement and belonging through the idiom of epics and myths. Working primarily with the mediums of gouache and ink on paper, Rithika creates elaborate and poetic mosaics of myths that seek to thread together a plethora of histories across time and space. Water forms a key motif in this body of work. Talking about her choice of subject, Rithika says -"Living in Barcelona, I have been profoundly affected by the refugee crisis which has spurred mass migrations across the Mediterranean Sea from Syria, Turkey and North Africa. The sea right at my door step is very quickly becoming the sea of the dead. With this in mind, it is important to remember that water also dilutes. To resolve a conflict between cultures, mixing and allowing two cultures to each be diluted by an influx of the other is key to the survival of both. This clash preserves rather than destroys the original cultures. I explore and examine the role water and migration routes play in this clash of cultures and how this leads to the development of a third, stronger culture." The exhibition will be accompanied by an essay written by Skye Arundhati Thomas." -- TARQ web site.
=588  \\$aDescription based on online resource; title from PDF title page (viewed on April 19, 2021)
=600  10$aMerchant, Rithika,$d1986-$vExhibitions.
=655  \0$aElectronic books.
=655  \7$aPDF.$2aat$0http://vocab.getty.edu/aat/300266022.
=700  1\$aThomas, Skye Arundhati,$ewriter of added text.$0http://id.loc.gov/authorities/names/n2020240592.
=710  2\$aTARQ (Gallery : Mumbai, India),$epublisher.$0http://id.loc.gov/authorities/names/n2020240523.
=776  08$iPrint version:$aMerchant, Rithika.$tWhere the water takes us.$dMumbai : TARQ, [2017]$w(OCoLC)1131887396.
=799  \\$aCCT PDF.
=856  40$uhttps://libmma.s3.amazonaws.com/1246549470.pdf$zFull text PDF
=902  \\$a210608
=960  \\$b0$c210419$dm$ea  $f-$g0
=994  \\$awww
=998  \\$abluehw original
=904  \\$aWatson Library copy: Gift of TARQ
=905  \\$aProcessed by BSLW 2021-05-03
=905  \\$aBSLW Base File 2021-06

