=LDR  03343cam a2200457Ii 4500
=001  1246548969
=003  OCoLC
=005  20210419125340.0
=006  m\\\\\o\\d\\\\\\\\
=007  cr\|||||||||||
=008  210419s2014\\\\ii\a\\\\oc\\\\000\0\eng\d
=035  \\$a.b20217912$bwww  $c-
=040  \\$aMZA$beng$erda$cMZA$dMZA
=100  1\$aLatif, Zishaan Akbar,$eartist.$0http://id.loc.gov/authorities/names/n2020242423.
=245  10$a95 mani villa by Zishaan Akbar Latif /$ccurated by Amit Mehra ; essays by Ranjit Hoskote and Veerangana Solanki.
=246  30$aZishaan Akbar Latif.
=264  \1$aMumbai :$bTARQ,$c[2014]
=300  \\$a1 online resource (43 pages) :$billustrations.
=336  \\$atext$btxt$2rdacontent.
=337  \\$acomputer$bc$2rdamedia.
=338  \\$aonline resource$bcr$2rdacarrier.
=347  \\$atext file$bPDF$2rda.
=500  \\$aCatalog of an exhibition held at TARQ, Mumbai, from 20 June - 19 July, 2014.
=500  \\$a"95 Mani Villa curated by Amit Mehra, is a personal memoir between a grandfather, Dhanji Anklesaria and his grandson, Zishaan Akbar Latif. This is the first time that this narrative will be seen in its entirety in Mumbai. These fleeting moments were captured in the last three years of Dhanji's life, and allowed Zishaan an opportunity to probe and understand this larger than life personality in his family. Zishaan intends to use this exhibition to create a surreal and cinematic experience for the audience through his photographs; flooding their senses with nostalgia, happiness and empathy. Zishaan creates a very intimate space for his viewers where they can have their own unique understanding of his relationship with his grandfather. 95 Mani Villa hopes to invoke curiosity and let people see that photography can be very personal. Zishaan works with the idea that it is sometimes the small, seemingly insignificant moments in our lives that are indeed the most important. Zishaan feels fortunate to be a photographer and be able to document some of these intimate experiences. This pictorial essay was awarded a national award in 2012 by the Press Council of India under the title "Solitary Splendour." TARQ is pleased to announce the publication of a catalogue accompanying the exhibition that will feature essays by Ranjit Hoskote and VeeranganaSolanki." -- TARQ web site.
=588  \\$aDescription based on online resource; title from PDF title page (viewed on April 19, 2021)
=600  10$aLatif, Zishaan Akbar$vExhibitions.
=650  \0$aPhotography, Artistic$vExhibitions.$0http://id.loc.gov/authorities/subjects/sh2008108790.
=655  \0$aElectronic books.
=655  \7$aPDF.$2aat$0http://vocab.getty.edu/aat/300266022.
=700  1\$aMehra, Amit,$ecurator.$0http://id.loc.gov/authorities/names/no2003001230.
=710  2\$aTARQ (Gallery : Mumbai, India),$ehost institution.$0http://id.loc.gov/authorities/names/n2020240523.
=776  08$iPrint version:$aLatif, Zishaan Akbar.$t95 mani villa.$dMumbai : TARQ, [2014]$w(OCoLC)1131886658.
=799  \\$aCCT PDF.
=856  40$uhttps://libmma.s3.amazonaws.com/1246548969.pdf$zFull text PDF
=902  \\$a210608
=960  \\$b0$c210419$dm$ea  $f-$g0
=994  \\$awww
=998  \\$abluehw original
=904  \\$aWatson Library copy: Gift of TARQ
=905  \\$aProcessed by BSLW 2021-05-03
=905  \\$aBSLW Base File 2021-06

