=LDR  01625cam a2200409Ii 4500
=001  1246643679
=003  OCoLC
=005  20210420103957.0
=006  m\\\\\o\\d\\\\\\\\
=007  cr\|||||||||||
=008  210420s2012\\\\ii\a\\\\oc\\\\000\0\eng\d
=035  \\$a.b20218552$bwww  $c-
=040  \\$aMZA$beng$erda$cMZA$dMZA
=100  1\$aPadamsee, Akbar,$d1928-2020,$eartist.$0http://id.loc.gov/authorities/names/n82215783.
=245  10$a'Untitled' :$brecent works in oil on canvas by Akbar Padamsee.
=246  30$aAkbar Padamsee.
=264  \1$aMumbai :$bPriyasri Art Gallery,$c[2012]
=300  \\$a1 online resource (unpaged) :$billustrations.
=336  \\$atext$btxt$2rdacontent.
=337  \\$acomputer$bc$2rdamedia.
=338  \\$aonline resource$bcr$2rdacarrier.
=347  \\$atext file$bPDF$2rda.
=500  \\$aCatalog of an exhibition held at Priyasri Art Gallery, Mumbai, March 2012.
=588  \\$aDescription based on online resource; title from PDF title page (viewed on April 20, 2021)
=600  10$aPadamsee, Akbar,$d1928-2020$vExhibitions.
=655  \0$aElectronic books.
=655  \7$aPDF.$2aat$0http://vocab.getty.edu/aat/300266022.
=710  2\$aPriyasri Art Gallery (Mumbai, India),$ehost institution.$0http://id.loc.gov/authorities/names/n2010207993.
=799  \\$aCCT PDF.
=856  40$uhttps://libmma.s3.amazonaws.com/1246643679.pdf$zFull text PDF
=902  \\$a210608
=960  \\$b0$c210420$dm$ea  $f-$g0
=994  \\$awww
=998  \\$abluehw original
=904  \\$aWatson Library copy: Gift of Priyasri Art Gallery
=905  \\$aProcessed by BSLW 2021-05-03
=905  \\$aBSLW Base File 2021-06

