=LDR  03376cam a2200397Ii 4500
=001  1246671128
=003  OCoLC
=005  20210420110843.0
=006  m\\\\\o\\d\\\\\\\\
=007  cr\|||||||||||
=008  210420s2018\\\\ii\a\\\\oc\\\\000\0\eng\d
=035  \\$a.b20218576$bwww  $c-
=040  \\$aMZA$beng$erda$cMZA$dMZA
=245  04$aThe third hand /$cpresented by Priyasri Patodia ; curated by Bhasha Mewar.
=264  \1$aMumbai :$bPriyasri Art Gallery,$c[2018]
=300  \\$a1 online resource (unpaged) :$billustrations.
=336  \\$atext$btxt$2rdacontent.
=337  \\$acomputer$bc$2rdamedia.
=338  \\$aonline resource$bcr$2rdacarrier.
=347  \\$atext file$bPDF$2rda.
=500  \\$aCatalog of an exhibition held at Priyasri Art Gallery, Mumbai, from September 14-29, 2018.
=500  \\$a"The third hand is an exhibition aimed at initial exploration of an interdisciplinary approach to art making for this group of artists, through active seeking of transcultural and rhizomatic links with the community of people, artist friends that surround them. With the intention of creating long term associations and understanding of the themes and the people within and outside of their art, the artists of this group show reach out of their internal space and directly address histories that make their personal narratives. The third hand takes on many forms, the literal addition of a collaborative partner, nuances of historical, socio-economical influences that become part of the work of art or an exchange of ideas, skills, techniques between artists. In the stories that these works tell we relive the idea of collective thought, in the words of Carl Jung, "We shall probably get nearest to the truth if we think of the conscious and personal psyche as resting upon the broad basis of an inherited and universal psychic disposition which is as such unconscious, and that our personal psyche bears the same relation to the collective psyche as the individual to society." The group of artists shown here, by working together with other artists, architects, the people who are part of their lives or by the medium they hold close, attempt to transpose lived experience and art with tactile and readable visuality. The artists in the show are practicing artists at the AQ@Priyasri - The Artist Studio. AQ@Priyasri - The Artist Studio is an art studio space at Vadodara, a city known for its artist community. The studio being an open space makes sharing time with other artists a possibility. It was therefore the perfect setting to this collaborative experience." -- Concept note.
=588  \\$aDescription based on online resource; title from PDF title page (viewed on April 20, 2021)
=650  \0$aArt, Indic$y21st century$vExhibitions.$0http://id.loc.gov/authorities/subjects/sh2009115835.
=655  \0$aElectronic books.
=655  \7$aPDF.$2aat$0http://vocab.getty.edu/aat/300266022.
=710  2\$aPriyasri Art Gallery (Mumbai, India),$ehost institution.$0http://id.loc.gov/authorities/names/n2010207993.
=799  \\$aCCT PDF.
=856  40$uhttps://libmma.s3.amazonaws.com/1246671128.pdf$zFull text PDF
=902  \\$a210608
=960  \\$b0$c210420$dm$ea  $f-$g4
=994  \\$awww
=998  \\$abluehw original
=904  \\$aWatson Library copy: Gift of Priyasri Art Gallery
=905  \\$aProcessed by BSLW 2021-05-03
=905  \\$aBSLW Base File 2021-06

