=LDR  01913cam a2200433Ii 4500
=001  1246672472
=003  OCoLC
=005  20210420114431.0
=006  m\\\\\o\\d\\\\\\\\
=007  cr\|||||||||||
=008  210420s2018\\\\ii\a\\\\oc\\\\000\0\eng\d
=035  \\$a.b2021862x$bwww  $c-
=040  \\$aMZA$beng$erda$cMZA$dMZA
=100  1\$aVerma, Abhishek Narayan,$d1990-$eartist.$0http://id.loc.gov/authorities/names/no2021046801.
=245  10$aDiary of an idler :$ba solo by Abhishek Narayan Verma /$ctext by Oindrila Maity Surai.
=264  \1$aMumbai :$bPriyasri Art Gallery,$c[2018]
=300  \\$a1 online resource (unpaged) :$billustrations.
=336  \\$atext$btxt$2rdacontent.
=337  \\$acomputer$bc$2rdamedia.
=338  \\$aonline resource$bcr$2rdacarrier.
=347  \\$atext file$bPDF$2rda.
=500  \\$aCatalog of an exhibition held at Priyasri Art Gallery, Mumbai, from February 23-March 15, 2018.
=500  \\$aAt head of title: Priyasri Patodia presents.
=588  \\$aDescription based on online resource; title from PDF title page (viewed on April 20, 2021)
=600  10$aVerma, Abhishek Narayan,$d1990-$vExhibitions.
=655  \0$aElectronic books.
=655  \7$aPDF.$2aat$0http://vocab.getty.edu/aat/300266022.
=700  1\$aPatodia, Priyasri.$0http://id.loc.gov/authorities/names/n2010208670.
=700  1\$aSurai, Oindrilla Maity,$ewriter of added commentary.$0http://id.loc.gov/authorities/names/n2011200763.
=710  2\$aPriyasri Art Gallery (Mumbai, India),$ehost institution.$0http://id.loc.gov/authorities/names/n2010207993.
=799  \\$aCCT PDF.
=856  40$uhttps://libmma.s3.amazonaws.com/1246672472.pdf$zFull text PDF
=902  \\$a210608
=960  \\$b0$c210420$dm$ea  $f-$g0
=994  \\$awww
=998  \\$abluehw original
=904  \\$aWatson Library copy: Gift of Priyasri Art Gallery
=905  \\$aProcessed by BSLW 2021-05-03
=905  \\$aBSLW Base File 2021-06

