=LDR  03341cam a2200397Ii 4500
=001  1246682219
=003  OCoLC
=005  20210420024554.0
=006  m\\\\\o\\d\\\\\\\\
=007  cr\|||||||||||
=008  210420s2016\\\\ii\a\\\\oc\\\\000\0\eng\d
=035  \\$a.b20218825$bwww  $c-
=040  \\$aMZA$beng$erda$cMZA$dMZA
=245  00$aDigital catalogue for archival dialogues /$ccurated by Pronoy Chakraborty ; for Priyasri Art Gallery ; in collaboration with James Ferreira.
=264  \1$aMumbai :$bPriyasri Art Gallery,$c[2016?]
=300  \\$a1 online resource (unpaged) :$billustrations.
=336  \\$atext$btxt$2rdacontent.
=337  \\$acomputer$bc$2rdamedia.
=338  \\$aonline resource$bcr$2rdacarrier.
=347  \\$atext file$bPDF$2rda.
=500  \\$aCatalog of an exhibition held at Priyasri Art Gallery, Mumbai, 2016.
=500  \\$a"The exhibition titled Archival Dialogues seeks to bring together a group of young artists from MSU Baroda whose practice responds to the manifold ruptures in political, social, ecological and personal spaces, looking through the lens of critical discourses on Archivization and Museumization. To be housed at Ferreira House, Khotachi Wadi, Mumbai, the exhibition seeks to primarily foreground a dialogue between the archival trend in contemporary art theory and praxis, and a largely forgotten fragment of colonial history trapped in this hamlet at the very heart of urban South Mumbai. The houses with colonial Portuguese architecture hearken back to an era when the race to colonization swept over the seas of this port-city. The East Indian Catholic community have spent over five-generations in the archaic bungalows at Khotachi Wadi, named after Khota, a local Maharashtrian Hindu from whom the plot of land was bought. One such bungalow, now belonging to designer James Ferreira, is the site for our exhibition. The selection of artists is based on the notion of an archival perfomative approach adopted by them to different ends to produce art-works for aesthetic consumption. For each of these artists, the relationship between 'fine-art' and craftsmanship becomes extremely important in understanding their diverse methods to a quasi-scientific museum display. In a post-modern rhizomatic, the multiplicities of re-interpretation, re-iteration and re-presentation are sought to be explored in a dialectical engagement with the bungalow's ornate interiors and the private collection of curios, thereby re-addressing the community's long historical presence in a cosmopolitan locale." -- Concept note.
=588  \\$aDescription based on online resource; title from PDF title page (viewed on April 20, 2021)
=650  \0$aArt, Indic$y21st century$vExhibitions.$0http://id.loc.gov/authorities/subjects/sh2009115835.
=655  \0$aElectronic books.
=655  \7$aPDF.$2aat$0http://vocab.getty.edu/aat/300266022.
=710  2\$aPriyasri Art Gallery (Mumbai, India),$ehost institution.$0http://id.loc.gov/authorities/names/n2010207993.
=799  \\$aCCT PDF.
=856  40$uhttps://libmma.s3.amazonaws.com/1246682219.pdf$zFull text PDF
=902  \\$a210608
=960  \\$b0$c210420$dm$ea  $f-$g0
=994  \\$awww
=998  \\$abluehw original
=904  \\$aWatson Library copy: Gift of Priyasri Art Gallery
=905  \\$aProcessed by BSLW 2021-05-03
=905  \\$aBSLW Base File 2021-06

