=LDR  01982cam a2200421Ii 4500
=001  1246682768
=003  OCoLC
=005  20210420035125.0
=006  m\\\\\o\\d\\\\\\\\
=007  cr\|||||||||||
=008  210420s2020\\\\ii\a\\\\oc\\\\000\0\eng\d
=035  \\$a.b20218898$bwww  $c-
=040  \\$aMZA$beng$erda$cMZA$dMZA
=245  00$aUntitled I :$ban online exhibition ; Untitled II : an online exhibitions.
=264  \1$aMumbai :$bPriyasri Art Gallery,$c[2020]
=300  \\$a1 online resource (unpaged) :$billustrations.
=336  \\$atext$btxt$2rdacontent.
=337  \\$acomputer$bc$2rdamedia.
=338  \\$aonline resource$bcr$2rdacarrier.
=347  \\$atext file$bPDF$2rda.
=500  \\$aTwo catalogs of two exhibitions held at Priyasri Art Gallery, Mumbai, from May 15-June 15, 2020.
=500  \\$a"Artists: Avni Bansal; Dinar Sultana; Dipti Batlawala; Isha Itwala; Kumar Misal; Rumit Donga; Sanjib Mondal; Savitha Ravi" -- Table of contents to Untitled I.
=500  \\$a"Artists: Ashish Dhola; Chandrashekhar Koteshwar; Mayadhar Sahu; Ritesh Rajput"-- Table of contents to Untitled II.
=588  \\$aDescription based on online resource; title from PDF title page (viewed on April 20, 2021)
=650  \0$aArt, Indic$y21st century$vExhibitions.$0http://id.loc.gov/authorities/subjects/sh2009115835.
=655  \0$aElectronic books.
=655  \7$aPDF.$2aat$0http://vocab.getty.edu/aat/300266022.
=710  2\$aPriyasri Art Gallery (Mumbai, India),$ehost institution.$0http://id.loc.gov/authorities/names/n2010207993.
=799  \\$aCCT PDF.
=856  40$uhttps://libmma.s3.amazonaws.com/1246682768.pdf$zFull text PDF
=856  42$uhttps://www.artsteps.com/view/5ebd65b688507d42cd1d58ec$zVirtual exhibition web site
=902  \\$a210608
=960  \\$b0$c210420$dm$ea  $f-$g0
=994  \\$awww
=998  \\$abluehw original
=904  \\$aWatson Library copy: Gift of Priyasri Art Gallery
=905  \\$aProcessed by BSLW 2021-05-03
=905  \\$aBSLW Base File 2021-06

