=LDR  01691cam a2200409Ii 4500
=001  1251516562
=003  OCoLC
=005  20210518104028.0
=006  m\\\\\o\\d\\\\\\\\
=007  cr\|||||||||||
=008  210518s2018\\\\ii\a\\\\oc\\\\000\0\eng\d
=035  \\$a.b20226664$bwww  $c-
=040  \\$aMZA$beng$erda$cMZA$dMZA
=245  00$aSubstrata :$blayers of the past.
=264  \1$aNew Delhi :$bArt Centrix Space,$c[2018]
=300  \\$a1 online resource (19 pages) :$billustrations.
=336  \\$atext$btxt$2rdacontent.
=337  \\$acomputer$bc$2rdamedia.
=338  \\$aonline resource$bcr$2rdacarrier.
=347  \\$atext file$bPDF$2rda.
=500  \\$aCatalog of an exhibition held at Art Centrix Space, New Delhi, 15 December 2018 - 25 January 2019.
=500  \\$aCurated by Monica Jain (PDF page 2)
=588  \\$aDescription based on online resource; title from PDF title page (viewed on 18 May 2021)
=650  \0$aArt, Indic$y21st century$vExhibitions.$0http://id.loc.gov/authorities/subjects/sh2009115835.
=655  \0$aElectonic books.
=655  \7$aPDF.$2aat$0http://vocab.getty.edu/aat/300266022.
=700  1\$aJain, Monica,$ecurator.$0http://id.loc.gov/authorities/names/no2021061277.
=710  2\$aArt Centrix Space (New Delhi, India),$ehost institution.$0http://id.loc.gov/authorities/names/no2021061275.
=799  \\$aCCT PDF.
=856  40$uhttp://libmma.s3-website-us-east-1.amazonaws.com/1251516562.pdf$zFull text PDF
=902  \\$a210608
=960  \\$b0$c210518$dm$ea  $f-$g0
=994  \\$awww
=998  \\$araymom original
=904  \\$aWatson Library copy: Gift of Art Centrix Space
=905  \\$aProcessed by BSLW 2021-06-02
=905  \\$aBSLW Base File 2021-06

