=LDR  01742cam a2200409Ii 4500
=001  1251637297
=003  OCoLC
=005  20210518122706.0
=006  m\\\\\o\\d\\\\\\\\
=007  cr\|||||||||||
=008  210518s2020\\\\ii\a\\\\oc\\\\000\0\eng\d
=035  \\$a.b20226743$bwww  $c-
=040  \\$aMZA$beng$erda$cMZA$dMZA
=100  1\$aPonna, Balaji,$d1980-$eartist.$0http://id.loc.gov/authorities/names/n2009200311.
=245  10$aWhen nothing goes right, go left :$ba solo exhibition of the works of Balaji Ponna /$ccurated by Uma Nair.
=264  \1$aNew Delhi :$bArt Centrix Space,$c2020.
=300  \\$a1 online resource (19 pages) :$billustrations.
=336  \\$atext$btxt$2rdacontent.
=337  \\$acomputer$bc$2rdamedia.
=338  \\$aonline resource$bcr$2rdacarrier.
=347  \\$atext file$bPDF$2rda.
=500  \\$aCatalog of an exhibition held at Art Centrix Space, New Delhi, 14 October - 4 November 2020.
=588  \\$aDescription based on online resource; title from PDF title page (viewed on 18 May 2021)
=600  10$aPonna, Balaji,$d1980-$vExhibitions.
=655  \0$aElectonic books.
=655  \7$aPDF.$2aat$0http://vocab.getty.edu/aat/300266022.
=700  1\$aNair, Uma,$ecurator.$0http://id.loc.gov/authorities/names/n2007216917.
=710  2\$aArt Centrix Space (New Delhi, India),$ehost institution.$0http://id.loc.gov/authorities/names/no2021061275.
=799  \\$aCCT PDF.
=856  40$uhttp://libmma.s3-website-us-east-1.amazonaws.com/1251637297.pdf$zFull text PDF
=902  \\$a210608
=960  \\$b0$c210518$dm$ea  $f-$g0
=994  \\$awww
=998  \\$araymom original
=904  \\$aWatson Library copy: Gift of Art Centrix Space
=905  \\$aProcessed by BSLW 2021-06-02
=905  \\$aBSLW Base File 2021-06

