=LDR  01896cam a2200433Ii 4500
=001  1251642094
=003  OCoLC
=005  20210518010335.0
=006  m\\\\\o\\d\\\\\\\\
=007  cr\|||||||||||
=008  210518s2018\\\\ii\a\\\\oc\\\\000\0\eng\d
=035  \\$a.b20226767$bwww  $c-
=040  \\$aMZA$beng$erda$cMZA$dMZA
=245  00$aArchival photographs by Sanjay Das, terracotta installations by Rahul Modak /$ccurated by Monica Jain, essay by Uma Nair.
=246  1\$iExhibition title:$aMonumental terracotta.
=264  \1$aNew Delhi :$bArt Centrix Space,$c[2018]
=300  \\$a1 online resource (17 pages) :$billustrations.
=336  \\$atext$btxt$2rdacontent.
=337  \\$acomputer$bc$2rdamedia.
=338  \\$aonline resource$bcr$2rdacarrier.
=347  \\$atext file$bPDF$2rda.
=500  \\$aCatalog of an exhibition titled "Monumental Terracotta" held at Art Centrix Space, New Delhi, 14 September - 04 October 2018.
=588  \\$aDescription based on online resource; title from PDF title page (viewed on 18 May 2021)
=600  10$aDas, Sanjay,$d1969-$vExhibitions.
=600  10$aModak, Rahul,$d1983-$vExhibitions.
=655  \0$aElectonic books.
=655  \7$aPDF.$2aat$0http://vocab.getty.edu/aat/300266022.
=700  1\$aJain, Monica,$ecurator.$0http://id.loc.gov/authorities/names/no2021061277.
=700  1\$aNair, Uma,$econtributor.$0http://id.loc.gov/authorities/names/n2007216917.
=710  2\$aArt Centrix Space (New Delhi, India),$ehost institution.$0http://id.loc.gov/authorities/names/no2021061275.
=799  \\$aCCT PDF.
=856  40$uhttp://libmma.s3-website-us-east-1.amazonaws.com/1251642094.pdf$zFull text PDF
=902  \\$a210608
=960  \\$b0$c210518$dm$ea  $f-$g0
=994  \\$awww
=998  \\$araymom original
=904  \\$aWatson Library copy: Gift of Art Centrix Space
=905  \\$aProcessed by BSLW 2021-06-02
=905  \\$aBSLW Base File 2021-06

