=LDR  02453cam a2200541Ii 4500
=001  1253401840
=003  OCoLC
=005  20210601025119.0
=006  m\\\\\o\\d\\\\\\\\
=007  cr\|||||||||||
=008  210601s2018\\\\ii\a\\\\oc\\\\000\0\eng\d
=035  \\$a.b2023255x$bwww  $c-
=040  \\$aMZA$beng$erda$cMZA$dMZA
=245  00$aArt Centrix Space @ India Art Fair, 2018 edition.
=246  3\$aArt Centrix Space at India Art Fair, 2018 edition.
=246  1\$iExhibition title:$aTehkhana : custodians of time.
=246  1\$iExhibition title:$aAlwaysroomforlove.
=246  1\$iExhibition title:$aAlways room for love.
=264  \1$aNew Delhi :$bArt Centrix Space,$c2018.
=300  \\$a1 online resource (15 pages) :$billustrations.
=336  \\$atext$btxt$2rdacontent.
=337  \\$acomputer$bc$2rdamedia.
=338  \\$aonline resource$bcr$2rdacarrier.
=347  \\$atext file$bPDF$2rda.
=500  \\$aPublished in conjunction with the exhibitions Always Room For Love, 4 Feb - 31 March, 2018, and Tekhana: Custodians of Time, Art Centrix Space's theme for their booth at the India Art Fair 2018 (the exhibition was originally shown from 30 April - 20 May, 2017, at Art Centrix Space)
=500  \\$aList of exhibiting artists: A. Naveen Kumar, Ankon Mitra, Charanjeet Singh, Ekta Singha, Mainaz Bano, Rahul Modak, Sahaya Sharma -- PDF page 2.
=500  \\$aExhibition title appears as one word with no spaces, with each word a different color.
=588  \\$aDescription based on online resource; title from PDF title page (viewed on 21 May 2021)
=611  20$aIndia Art Fair$n(10th :$d2018 :$cNew Delhi, India)
=650  \0$aArt, Indic$y21st century$vExhibitions.
=655  \0$aElectonic books.
=655  \7$aPDF.$2aat.
=700  1\$aKumar, A. Naveen,$eartist.
=700  1\$aMitra, Ankon,$d1982-$eartist.
=700  1\$aSingh, Charanjeet,$d1989-$eartist.
=700  1\$aSingha, Ekta,$eartist.
=700  1\$aBano, Mainaz,$d1987-$eartist.
=700  1\$aModak, Rahul,$d1983-$eartist.
=700  1\$aSharma, Sahaya,$d1993-$eartist.
=710  2\$aArt Centrix Space (New Delhi, India),$ehost institution.
=799  \\$aCCT PDF.
=856  40$uhttp://libmma.s3-website-us-east-1.amazonaws.com/1253401840.pdf$zFull text PDF
=902  \\$a210608
=960  \\$b0$c210603$dm$ea  $f-$g0
=994  \\$awww
=998  \\$araymom original
=904  \\$aWatson Library copy: Gift of Art Centrix Space
=905  \\$aBSLW Base File 2021-06

