=LDR  02296cam a2200553Ii 4500
=001  1253402704
=003  OCoLC
=005  20210601032353.0
=006  m\\\\\o\\d\\\\\\\\
=007  cr\|||||||||||
=008  210601s2019\\\\ii\a\\\\oc\\\\000\0\eng\d
=035  \\$a.b20232834$bwww  $c-
=040  \\$aMZA$beng$erda$cMZA$dMZA
=245  00$aArt Centrix Space at IndiaArtFair.
=246  3\$aArt Centrix Space at India Art Fair.
=246  1\$iExhibition title:$aArikamedu : in the presence of the past in the present.
=264  \1$aNew Delhi :$bArt Centrix Space,$c[2019]
=300  \\$a1 online resource (20 pages) :$billustrations.
=336  \\$atext$btxt$2rdacontent.
=337  \\$acomputer$bc$2rdamedia.
=338  \\$aonline resource$bcr$2rdacarrier.
=347  \\$atext file$bPDF$2rda.
=500  \\$aCatalog published in conjunction with India Art Fair 2019, from 28 Jan - 03 Feb 2019.
=500  \\$aShowcasing the works of: Avijit Dutta, Charanjeet Singh, Ekta Singha, Mainaz Bano, Manish Sharma, Om Soorya, KP Pradeepkumar, Rahul Modak, Sangam Vankhade. -- PDF page 2.
=500  \\$aIndia Art Fair appears as one word with no spaces on title page.
=588  \\$aDescription based on online resource; title from PDF title page (viewed on 1 June 2021)
=611  20$aIndia Art Fair$n(11th :$d2019 :$cNew Delhi, India)
=650  \0$aArt, Indic$y21st century$vExhibitions.
=651  \0$aPodouk (Extinct city)$xIn art$vExhibitions.
=655  \0$aElectonic books.
=655  \7$aPDF.$2aat.
=700  1\$aDutta, Avijit,$d1974-$eartist.
=700  1\$aSingh, Charanjeet,$d1989-$eartist.
=700  1\$aSingha, Ekta,$eartist.
=700  1\$aBano, Mainaz,$d1987-$eartist.
=700  1\$aSharma, Manish,$eartist.
=700  0\$aOm Soorya,$d1977-$eartist.
=700  1\$aPradeepkumar, KP,$eartist.
=700  1\$aModak, Rahul,$d1983-$eartist.
=700  1\$aVankhade, Sangam,$d1991-$eartist.
=710  2\$aArt Centrix Space (New Delhi, India),$ehost institution.
=799  \\$aCCT PDF.
=856  40$uhttp://libmma.s3-website-us-east-1.amazonaws.com/1253402704.pdf$zFull text PDF
=902  \\$a210608
=960  \\$b0$c210603$dm$ea  $f-$g0
=994  \\$awww
=998  \\$araymom original
=904  \\$aWatson Library copy: Gift of Art Centrix Space
=905  \\$aBSLW Base File 2021-06

