=LDR  01856cam a2200469Ii 4500
=001  1253402800
=003  OCoLC
=005  20210601035604.0
=006  m\\\\\o\\d\\\\\\\\
=007  cr\|||||||||||
=008  210601s2020\\\\ii\a\\\\oc\\\\000\0\eng\d
=035  \\$a.b20232858$bwww  $c-
=040  \\$aMZA$beng$erda$cMZA$dMZA
=245  00$aIndia Art Fair 2020 :$bArt Centrix Space.
=264  \1$aNew Delhi :$bArt Centrix Space,$c2020.
=300  \\$a1 online resource (32 pages) :$billustrations.
=336  \\$atext$btxt$2rdacontent.
=337  \\$acomputer$bc$2rdamedia.
=338  \\$aonline resource$bcr$2rdacarrier.
=347  \\$atext file$bPDF$2rda.
=500  \\$aCatalog published in conjunction with India Art Fair 2020, from Jan 30 - Feb 2 2020.
=500  \\$aFeaturing the artists: Balaji Poona, Chandrashekar Koteshwar, Ganesh Gohain, KP Pradeep Kumar, Siri Devi Khandavilli, and Tehmeena Firdos.
=588  \\$aDescription based on online resource; title from PDF title page (viewed on 1 June 2021)
=611  20$aIndia Art Fair$n(12th :$d2020 :$cNew Delhi, India)
=650  \0$aArt, Indic$y21st century$vExhibitions.
=655  \0$aElectonic books.
=655  \7$aPDF.$2aat.
=700  1\$aPoona, Balaji,$d1980-$eartist.
=700  1\$aFirdos, Tehmeena,$d1990-$eartist.
=700  1\$aKhandavilli, Siri Devi,$eartist.
=700  1\$aPradeep Kumar, KP,$eartist.
=700  1\$aGohain, Ganesh,$eartist.
=700  1\$aKoteshwar, Chandrashekar,$d1984-
=710  2\$aArt Centrix Space (New Delhi, India),$ehost institution.
=799  \\$aCCT PDF.
=856  40$uhttp://libmma.s3-website-us-east-1.amazonaws.com/1253402800.pdf$zFull text PDF
=902  \\$a210608
=960  \\$b0$c210603$dm$ea  $f-$g0
=994  \\$awww
=998  \\$araymom original
=904  \\$aWatson Library copy: Gift of Art Centrix Space
=905  \\$aBSLW Base File 2021-06

